2493 3458
533 2016 596 2043 cod.
608 2017 633 2043 V

504 2051 553 2078 fol.
564 2053 615 2079 257
624 2053 665 2078 Vb

693 435 726 460 52
1055 433 1244 460 MAGISTRI
1274 433 1491 460 GODEFRIDI
1521 434 1571 460 DE
1600 434 1796 461 FONTIBUS

694 528 812 565 posset
851 522 926 555 sine
962 522 1018 555 illo
1054 533 1191 554 omnem
1225 523 1395 554 modum¹
1432 528 1465 554 et
1500 523 1665 555 rationem
1705 523 1842 555 essendi
1875 530 1908 555 et
1947 523 2156 555 subsistendi

694 581 821 612 habere
841 580 852 596 ²
876 585 908 611 et
925 590 1058 611 summa
1083 580 1137 611 illa
1163 579 1375 611 beatitudine
1400 579 1587 621 aequaliter
1611 581 1748 622 perfrui.
1765 581 1811 613 Ut
1835 580 1915 612 dicit
1941 580 2158 621 Augustinus

693 637 751 669 ubi
787 648 902 679 supra,
939 648 1074 679 ponens
1111 647 1249 669 causam
1291 637 1535 679 resumptionis
1567 648 1750 679 corporum
1784 638 1816 670 in
1851 638 2031 670 animabus
2067 649 2158 670 com-

693 695 841 727 muniter
858 695 1153 737 imperfectionem
1179 701 1276 726 actus
1294 695 1533 733 beatificant&
1559 695 1637 737 quia
1655 695 1756 727 etiarn
1775 695 1855 727 illud
1881 696 1973 737 quod
1993 695 2156 730 subsistit,

693 752 727 784 in
745 753 857 794 aliqua
874 758 996 784 natura
1018 752 1181 790 subsistit,
1201 752 1366 794 perfectio
1392 759 1533 784 naturae
1552 752 1585 784 in
1603 764 1671 794 qua
1695 753 1822 794 aliquid
1848 753 2001 785 subsistit
2026 753 2159 785 videtur

693 810 784 853 exigi
813 811 855 842 ad
886 811 1071 852 perfectam
1105 809 1272 841 rationem
1305 809 1526 842 subsistendi.
1566 810 1601 842 Si
1635 821 1720 850 ergo
1755 810 1868 842 anima
1899 810 1973 842 sine
2011 821 2158 852 corpore

692 878 762 899 non
796 869 900 899 habet
940 868 1091 909 perfecte
1124 878 1261 899 omnem
1302 868 1442 899 modum
1483 878 1566 899 suae
1607 874 1759 906 naturae,
1792 867 1925 900 videtur
1960 869 2052 910 quod
2092 878 2158 900 nec

694 925 882 967 perfectum
902 925 1040 956 moduni
1064 924 1276 957 subsistendi
1302 926 1429 957 habere
1454 925 1572 967 possit,
1599 937 1668 957 non
1697 931 1836 967 propter
1861 925 2157 967 imperfectionem

692 982 935 1015 subsistentiae
968 982 1073 1014 divini
1113 982 1294 1024 suppositi,
1328 983 1388 1014 sed
1430 989 1570 1024 propter
1610 983 1905 1024 imperfectionem
1946 990 2088 1015 naturae
2125 983 2157 1014 in

693 1050 761 1082 qua
784 1039 973 1072 subsistere
997 1040 1110 1071 habet.

781 1097 887 1138 Quod
905 1108 989 1139 ergo
1005 1097 1016 1112 ³¹
1033 1097 1151 1129 dicunt
1169 1098 1261 1138 quod
1280 1097 1361 1129 illud
1380 1097 1473 1139 quod
1493 1097 1563 1138 agit
1580 1104 1631 1128 est
1649 1097 1730 1128 illud
1749 1098 1842 1139 quod
1861 1098 1966 1130 habet
1991 1098 2157 1130 rationem

692 1154 873 1197 suppositi,
899 1155 1160 1197 intelligendum
1187 1161 1239 1186 est
1264 1156 1357 1196 quod
1384 1155 1411 1186 si
1437 1155 1562 1187 debeat
1588 1155 1741 1196 perfecte
1765 1166 1870 1197 agere
1900 1161 2037 1197 oportet
2064 1156 2158 1196 quod

692 1213 817 1245 lrabeat
841 1212 1007 1244 rationem
1034 1211 1204 1254 suppositi
1230 1213 1421 1244 secundum
1449 1213 1587 1243 moduni
1614 1219 1756 1244 naturae
1782 1223 1865 1244 suae
1885 1213 2096 1255 completam
2126 1218 2159 1245 et

692 1270 878 1311 perfectam
891 1270 916 1304 ⁴:
930 1270 992 1301 sed
1012 1270 1079 1301 hoc
1097 1280 1167 1300 non
1183 1269 1244 1301 fuit
1262 1269 1294 1300 in
1310 1270 1422 1301 anima
1438 1269 1563 1301 Christi
1579 1276 1785 1311 s‹·1›arata.—
1801 1270 1906 1310 Quod
1921 1270 2021 1302 etiam
2036 1270 2160 1302 dicitur

691 1328 784 1369 quod
809 1327 1006 1359 huiusmodi
1031 1327 1204 1368 appetitus
1230 1338 1299 1358 non
1325 1334 1376 1358 est
1402 1327 1614 1358 voluntarius
1639 1327 1711 1359 sive
1729 1327 1914 1359 voluntatis
1936 1334 1971 1359 ut
1989 1328 2158 1366 voluntas,

691 1385 752 1416 sed
776 1391 827 1416 est
842 1384 854 1400 ⁵
877 1384 1064 1416 voluntatis
1090 1390 1125 1416 ut
1150 1390 1270 1416 natura
1295 1385 1368 1417 sive
1393 1386 1469 1425 [est]
1497 1391 1531 1416 ut
1557 1385 1731 1426 appetitus
1749 1384 1921 1422 naturalis,
1940 1391 1972 1416 et
1991 1385 2069 1417 ideo
2088 1396 2158 1417 non

691 1442 832 1484 impedit
857 1443 1065 1474 voluntatem
1092 1448 1127 1473 ut
1152 1442 1312 1473 voluntas
1338 1448 1389 1474 est
1415 1442 1447 1473 in
1473 1453 1537 1473 suo
1562 1449 1651 1476 actu,
1677 1453 1747 1474 non
1769 1442 1903 1474 videtur
1920 1453 2058 1481 verum;
2077 1442 2158 1484 quia

690 1510 767 1531 cum
786 1499 922 1531 habitus
941 1499 1158 1541 perficientes
1176 1499 1364 1541 potentiam
1391 1499 1556 1531 inclinent
1581 1500 1614 1531 in
1641 1500 1780 1531 modum
1807 1506 1949 1532 naturae
1974 1506 2007 1532 et
2031 1511 2156 1542 aequa-

690 1557 765 1589 liter
782 1557 814 1589 in
841 1557 1032 1589 dormiente
1057 1563 1090 1589 et
1114 1557 1288 1599 vigilante,
1314 1563 1429 1589 tamen
1455 1557 1646 1599 impediunt
1671 1557 1842 1589 actionem
1869 1557 2043 1599 appetitus
2067 1569 2156 1599 quae

690 1626 760 1647 non
786 1621 838 1647 est
861 1615 1054 1647 secundum
1079 1614 1276 1646 huiusmodi
1302 1615 1559 1646 inclinationem
1585 1615 1686 1646 etiam
1713 1614 1932 1654 habitualem,
1958 1615 2030 1647 sive
2055 1615 2156 1648 etiam

690 1673 844 1715 potentia
861 1684 931 1704 non
950 1678 1064 1714 potest
1081 1672 1126 1704 ita
1144 1672 1298 1714 perfecte
1316 1672 1348 1703 in
1367 1679 1464 1705 actus
1483 1684 1565 1704 suos
1583 1673 1671 1704 sicut
1696 1672 1722 1703 si
1749 1683 1817 1704 non
1845 1679 1936 1705 esset
1960 1673 2157 1706 huiusmodi

690 1730 865 1763 inclinatio
891 1730 991 1762 etiam
1017 1730 1200 1762 habitualis
1226 1730 1258 1761 in
1281 1730 1446 1772 appetitu.
1468 1750 1505 1753 —
1527 1730 1603 1761 Hoc
1621 1730 1721 1761 etiam
1740 1730 1874 1762 videtur
1890 1737 2011 1762 contra
2028 1730 2156 1763 dictum

689 1794 723 1821 et
739 1788 906 1820 rationem
925 1787 1120 1831 Augustini.
1144 1788 1199 1819 Ad
1226 1788 1507 1829 impedimentum
1533 1788 1622 1819 enim
1640 1788 1651 1803 ⁰
1667 1787 1814 1820 actionis
1839 1788 1974 1820 videtur
1997 1788 2158 1821 sufficere

689 1847 783 1888 quod
808 1856 917 1889 agens
942 1856 1012 1877 non
1037 1847 1164 1878 habeat
1190 1846 1342 1887 perfecte
1367 1856 1504 1877 omnem
1530 1846 1668 1877 modum
1687 1851 1829 1877 naturae
1847 1857 1930 1878 suae
1948 1846 2157 1879 convenien-

689 1910 767 1936 tem.
785 1923 825 1927 —
843 1904 918 1935 Nec
942 1904 1055 1935 obstat
1080 1903 1162 1935 illud
1188 1903 1281 1944 quod
1311 1903 1435 1935 dicitur
1463 1903 1555 1944 quod
1586 1903 1762 1935 fruebatur
1789 1903 1942 1945 perfecte
1967 1910 2000 1936 et
2024 1904 2156 1946 absque

689 1961 935 2004 impedimento
953 1961 1006 1993 vel
1023 1961 1253 1993 retardatione
1271 1960 1372 1992 etiarn
1391 1971 1468 1992 curn
1499 1961 1701 2002 patiebatur,
1726 1961 1805 1993 licet
1829 1961 1970 1993 difficile
1994 1961 2037 1993 sit
2061 1961 2157 1994 intel-

689 2019 796 2063 ligere
821 2019 966 2060 qualiter
989 2020 1057 2051 hoc
1078 2018 1121 2050 sit
1148 2021 1152 2058 Ι
1180 2018 1356 2060 possibile,
1375 2029 1453 2049 nam
1472 2029 1514 2050 ex
1531 2029 1600 2059 quo
1616 2017 1626 2034 ⁷
1643 2018 1816 2060 quaelibet
1834 2018 1988 2060 potentia
2005 2019 2157 2051 habebat

689 2077 842 2119 perfecte
866 2088 966 2108 suum
991 2077 1132 2108 modum
1162 2076 1301 2108 essendi
1330 2082 1363 2107 et
1390 2075 1601 2108 subsistendi
1630 2076 1661 2107 in
1688 2082 1853 2117 quantum
1880 2083 1951 2108 erat
1980 2076 2014 2108 in
2043 2077 2156 2108 anima

688 2136 811 2176 actu[s]
829 2144 956 2176 corpus
973 2134 1183 2176 perficiente,
1203 2140 1346 2175 utraque
1371 2134 1563 2165 secundum
1587 2144 1624 2165 se
1649 2133 1867 2165 considerata
1893 2133 2004 2176 potuit
2027 2135 2156 2167 habere

687 2203 784 2224 suam
817 2192 1054 2234 operationem
1071 2191 1082 2208 Β
1110 2191 1289 2233 perfecte⁹
1318 2192 1477 2223 absolute
1509 2191 1776 2229 considerando,
1806 2191 1869 2223 nisi
1899 2202 1961 2234 per
1991 2191 2156 2224 accidens

688 2250 909 2292 impediretur
932 2260 1001 2281 una
1027 2250 1070 2281 ab
1094 2249 1168 2281 alia.
1195 2249 1301 2290 Quod
1325 2249 1607 2290 impedimentum
1634 2249 1729 2281 Deus
1754 2249 1894 2281 abstulit
1920 2249 2155 2291 dispensative

688 2308 946 2350 praeservando
963 2318 1007 2339 ne
1023 2307 1134 2350 gloria
1151 2307 1285 2338 animae
1311 2307 1519 2338 redundaret
1537 2306 1571 2337 in
1589 2317 1727 2348 eorpus
1747 2312 1779 2338 et
1795 2318 1839 2338 ne
1857 2307 1958 2338 dolor
1981 2307 2154 2349 passionis

686 2366 895 2398 redundaret
922 2365 956 2397 in
984 2373 1115 2406 partem
1144 2364 1367 2406 superiorem,
1393 2370 1572 2405 utramque
1598 2364 1729 2396 scilicet
1753 2364 1926 2396 actionem
1956 2364 2154 2397 huiusmodi

686 2423 943 2465 praeservando
968 2423 1021 2454 vel
1047 2422 1256 2461 cohibendo,
1274 2441 1314 2444 ——
1333 2421 1422 2453 sicut
1447 2421 1547 2453 etiam
1565 2421 1688 2454 virtute
1706 2421 1821 2453 divina
1838 2421 1910 2454 fieri
1928 2427 2044 2464 potest
2060 2423 2153 2464 quod

687 2481 834 2513 calidum
860 2480 1032 2512 intensum
1058 2479 1209 2511 existens
1234 2479 1387 2521 perfecte
1411 2479 1445 2510 in
1471 2485 1550 2511 actu
1575 2479 1699 2511 caloris
1725 2479 1767 2511 sit
1784 2479 2058 2521 approximatum
2077 2490 2154 2522 pas-

776 2636 782 2650 ¹
803 2644 916 2661 omnem
931 2634 1058 2668 modum]
1073 2634 1190 2660 modum
1205 2643 1320 2660 omnem
1340 2634 1370 2660 P.
1384 2650 1417 2653 —
1432 2634 1442 2648 ‘-¹
1455 2642 1509 2659 om.
1527 2634 1555 2659 P.
1570 2649 1602 2651 ᾖ
1617 2634 1627 2648 ³
1641 2633 1710 2659 illud
1730 2634 1798 2660 add.
1819 2634 1848 2659 P.
1864 2650 1896 2653 -
1912 2635 1919 2649 ⁴
1933 2634 2109 2669 completam
2124 2638 2154 2660 et

685 2679 856 2715 perfectam]
866 2679 1028 2714 perfectam
1042 2683 1071 2705 et
1084 2679 1259 2713 completam
1274 2679 1304 2704 P.
1317 2694 1348 2697 —
1363 2680 1373 2693 ⁵
1385 2687 1440 2704 om.
1452 2678 1482 2704 P.
1496 2694 1527 2696 —
1541 2679 1551 2691 ⁰
1561 2677 1647 2703 etiam
1663 2678 1692 2703 P.
1704 2694 1736 2697 —
1753 2679 1761 2693 ἲ
1775 2679 1829 2705 hoc
1839 2678 1868 2704 P.
1879 2694 1911 2697 —
1926 2679 1936 2694 ⁸
1949 2679 2057 2705 habere
2069 2686 2152 2705 suam

686 2724 896 2759 operationem]
910 2732 991 2750 suam
1005 2723 1204 2760 operationem
1219 2723 1326 2749 habere
1341 2723 1370 2749 P.
1385 2739 1416 2741 —
1433 2723 1444 2737 ⁹
1457 2728 1485 2748 et
1499 2723 1566 2748 add.
1581 2722 1610 2748 P.
