2493 3458
708 451 923 481 SECUNDUM
953 453 1250 488 QUODLIBETUM,
1280 454 1314 488 Q.
1344 454 1398 480 VII
1741 456 1786 479 133

319 543 409 576 Cum
439 544 528 575 enim
561 543 595 575 in
634 543 773 575 homine
804 554 873 574 una
912 544 985 575 sola
1026 544 1134 575 forma
1174 549 1257 585 puta
1297 543 1410 574 anima
1453 543 1572 575 virtute
1612 544 1788 575 contineat

320 612 441 633 omnes
467 601 550 632 alias
578 601 707 633 formas
732 601 982 642 praecedentes
1011 601 1141 632 scilicet
1167 601 1462 632 substantialitatis
1492 607 1523 632 et
1549 601 1788 642 corporeitatis

319 665 352 691 et
377 659 426 690 sic
459 659 502 690 de
527 658 610 698 aliis,
643 664 676 690 et
703 664 775 690 tota
799 658 992 690 substantia
1028 659 1127 700 panis
1153 664 1319 700 quantum
1346 659 1387 689 ad
1414 659 1589 690 materiam
1624 664 1657 690 et
1681 670 1788 699 quan-

319 722 390 748 tum
415 717 459 748 ad
485 717 629 747 formam
655 722 874 748 convertatur
898 716 931 747 in
961 716 1188 747 substantiam
1215 716 1370 758 corporis
1396 716 1523 748 Christi
1549 717 1787 758 compositam,

320 780 353 806 et
377 773 426 806 sic
451 774 484 805 in
521 774 697 805 materiam
724 779 757 805 et
781 774 924 805 formam
950 785 1039 815 quae
1065 780 1116 805 est
1148 774 1223 815 ipsa
1253 774 1366 806 anima
1396 775 1588 805 secundum
1618 775 1712 815 quod
1738 781 1789 806 est

320 832 429 863 forma
454 832 541 863 dans
567 842 645 863 esse
670 842 875 873 corporeum
901 831 1063 870 mixtum;
1090 851 1130 854 —
1151 842 1217 863 nec
1242 833 1356 863 obstat
1381 832 1474 872 quod
1499 832 1718 874 Augustinus
1743 834 1788 872 (1)

320 889 401 921 dicit
432 900 537 931 super
565 889 730 921 Genesim
756 890 849 930 quod
875 900 1002 930 corpus
1031 900 1102 920 non
1132 894 1247 931 potest
1271 889 1426 921 converti
1452 889 1485 920 in
1518 889 1683 931 spiritum,
1710 890 1789 931 quia

319 957 438 978 verum
464 952 515 978 est
532 946 540 963 ¹
558 947 751 978 secundum
769 958 806 978 se
826 966 877 985 —,
900 947 963 978 sed
979 947 1011 978 in
1031 953 1197 988 quantum
1214 952 1265 979 est
1282 958 1361 989 pars
1380 947 1561 988 compositi
1581 947 1763 979 materialis
1780 947 1790 963 ²

319 1005 413 1045 quod
439 1009 490 1036 est
517 1015 578 1046 per
604 1004 717 1045 ipsum
746 1004 902 1046 spiritum
923 1010 956 1035 et
984 1015 1111 1046 corpus
1130 1010 1162 1036 et
1191 1004 1342 1043 mixtum,
1368 1011 1482 1046 potest
1506 1005 1579 1036 fieri
1605 1005 1788 1036 conversio

319 1062 353 1093 in
378 1062 489 1103 ipsam
507 1063 571 1093 sul)
595 1062 661 1093 hac
682 1061 824 1094 ratione.
845 1062 940 1094 Licet
965 1062 1054 1094 enim
1081 1062 1163 1093 illud
1181 1062 1215 1093 in
1241 1063 1335 1103 quod
1361 1063 1572 1094 convertitur
1597 1062 1790 1094 substantia

320 1119 419 1161 panis
452 1119 494 1151 sit
526 1119 661 1151 realiter
692 1124 725 1151 et
757 1119 983 1151 essentialiter
1008 1120 1118 1151 forma
1151 1120 1389 1161 corporeitatis
1426 1126 1459 1151 et
1489 1120 1612 1159 anima,
1646 1126 1760 1152 tamen
1781 1120 1791 1136 3

319 1188 391 1209 non
419 1182 471 1208 est
498 1177 664 1208 terminus
692 1177 794 1208 huius
811 1177 821 1193 4
845 1177 1141 1209 transmutationis
1166 1189 1227 1219 per
1257 1189 1293 1209 se
1322 1178 1356 1209 in
1386 1189 1428 1209 eo
1458 1179 1552 1219 quod
1578 1178 1701 1217 anima,
1728 1178 1790 1209 sed

319 1234 353 1266 in
379 1245 420 1266 eo
441 1235 535 1276 quod
551 1234 562 1251 ⁵
585 1235 697 1266 forma
721 1235 971 1277 corporeitatis.
1003 1235 1094 1276 Quia
1120 1236 1201 1267 dato
1227 1237 1322 1277 quod
1348 1235 1402 1267 illa
1428 1242 1549 1267 natura
1574 1247 1646 1267 non
1674 1242 1765 1267 esset
1781 1235 1791 1251 ⁶

320 1292 442 1331 anima,
473 1298 505 1324 et
534 1298 626 1324 esset
654 1293 763 1324 forma
792 1293 1040 1335 corporeitatis⁷
1071 1294 1186 1325 adhuc
1212 1294 1309 1325 fieret
1334 1294 1517 1325 conversio
1543 1294 1576 1325 in
1603 1305 1699 1332 eam;
1728 1295 1790 1325 sed

320 1350 347 1381 si
378 1356 471 1382 esset
495 1350 609 1382 anima
641 1356 674 1382 et
706 1361 777 1382 non
806 1351 915 1382 forma
943 1351 1182 1393 corporeitatis
1208 1362 1279 1383 non
1307 1352 1403 1383 fieret
1431 1352 1465 1383 in
1494 1363 1569 1383 eam
1596 1351 1789 1384 conversio.

320 1427 360 1430 ›—
378 1408 453 1440 Nec
470 1414 521 1440 est
546 1408 807 1451 intelligendum
833 1409 926 1450 quod
947 1410 1015 1441 hoc
1039 1410 1133 1450 quod
1151 1415 1202 1441 est
1228 1420 1305 1441 esse
1330 1410 1475 1441 formam
1501 1409 1739 1451 corporeitatis
1759 1415 1792 1441 et

321 1476 398 1497 esse
431 1465 580 1497 animam
613 1466 729 1497 dicant
762 1467 852 1498 circa
885 1466 1033 1498 animam
1067 1467 1277 1498 intentiones
1311 1468 1364 1499 vel
1397 1467 1547 1499 rationes
1576 1467 1709 1509 logicas
1738 1466 1793 1499 et⁷

322 1534 384 1555 ens
416 1523 579 1562 rationis;
620 1523 724 1555 immo
758 1524 877 1556 dicunt
909 1536 980 1556 rem
1024 1536 1149 1563 veram⁷
1190 1525 1269 1556 licet
1305 1536 1419 1564 unam,
1460 1525 1646 1557 virtualiter
1678 1530 1793 1556 tamen

321 1580 554 1623 multiplicem.
588 1581 630 1613 Et
662 1581 711 1613 sic
744 1581 921 1614 dicendo*
953 1583 1046 1623 quod
1080 1583 1189 1614 forma
1217 1583 1366 1615 hominis
1391 1584 1583 1615 secundum
1613 1584 1705 1624 quod
1737 1583 1795 1614 dat

322 1649 400 1671 esse
418 1649 625 1681 corporeum
644 1645 694 1671 est
712 1640 877 1671 terminus
903 1640 1153 1679 conversionis,
1172 1641 1312 1682 ponitur
1340 1641 1504 1673 terminus
1533 1652 1595 1683 per
1612 1652 1649 1673 se
1667 1641 1795 1682 aliquid

321 1697 423 1736 reale,
464 1702 497 1728 et
536 1708 598 1739 pro
638 1703 734 1729 tanto
776 1697 900 1729 dicitur
939 1698 1032 1739 quod
1073 1698 1186 1730 anima
1226 1704 1278 1730 est
1314 1699 1347 1730 in
1379 1700 1447 1730 hoc
1483 1705 1701 1731 sacramento
1734 1710 1796 1740 per

321 1754 636 1786 concomitantiam.
657 1754 753 1787 Sicut
779 1755 880 1787 etiam
899 1755 926 1787 si
945 1755 1135 1788 diceretur:
1154 1757 1222 1788 hoc
1240 1762 1292 1788 est
1309 1768 1390 1788 caro
1408 1757 1518 1796 bovis,
1538 1777 1577 1780 —
1596 1758 1648 1789 vel
1668 1768 1795 1798 corpus

321 1811 449 1844 bovis⁹
482 1813 537 1844 vel
564 1823 644 1845 caro
672 1813 773 1845 bovis
802 1824 872 1845 non
902 1813 944 1845 sit
973 1814 1071 1845 cibus
1104 1814 1169 1846 nisi
1202 1814 1235 1846 in
1267 1820 1432 1856 quantum
1464 1821 1516 1846 est
1548 1816 1613 1846 tale
1643 1815 1794 1853 mixtum,

323 1869 395 1901 sive
424 1870 539 1902 vivum
568 1870 640 1903 sive
669 1882 739 1903 non
768 1871 893 1910 vivum,
931 1877 964 1903 et
991 1877 1107 1903 tamen
1136 1883 1212 1904 cum
1243 1872 1323 1904 vivit
1351 1884 1422 1904 non
1447 1873 1512 1904 nisi
1537 1874 1580 1904 al)
1606 1872 1719 1904 anima
1745 1878 1797 1904 est

323 1938 404 1960 caro
429 1928 483 1960 vel
500 1939 627 1971 corpus
643 1939 649 1967 ;
668 1948 708 1951 —-
727 1929 755 1960 si
780 1928 844 1961 ista
867 1930 973 1961 verba
1001 1931 1169 1962 haberent
1193 1930 1260 1962 vim
1286 1931 1647 1970 transsubstantiandi,
1677 1936 1797 1973 posset

323 1985 438 2027 aliquo
464 1987 569 2018 modo
596 1986 663 2018 dici
689 1986 802 2018 anima
827 1987 873 2018 ibi
898 1998 975 2019 esse
1000 1999 1062 2029 per
1085 1988 1389 2020 concomitantiam
1406 1988 1438 2019 ¹⁰.

414 2351 421 2367 ¹
437 2361 536 2378 verum
548 2353 601 2386 est]
613 2357 657 2379 est
670 2361 770 2379 verum
784 2354 814 2379 P.
826 2369 858 2372 —
874 2354 883 2368 2
898 2353 1064 2380 materiales
1078 2354 1115 2387 V;
1132 2354 1240 2380 lacuna
1253 2355 1283 2381 P.
1299 2371 1330 2374 Q
1346 2356 1355 2370 ²³
1370 2355 1465 2381 anima
1476 2357 1583 2389 tamen]
1599 2356 1756 2382 animatum
1768 2357 1797 2382 P.

325 2410 357 2414 —
378 2397 387 2411 ⁴
406 2396 573 2422 huiusmodi
593 2397 622 2423 P.
643 2413 675 2415 —
697 2398 706 2412 ⁵
726 2397 822 2423 anima
843 2413 875 2416 —
896 2398 984 2432 quod]
1006 2407 1060 2423 om.
1081 2398 1110 2423 P.
1133 2414 1164 2416 —
1185 2399 1194 2413 ⁶
1215 2402 1258 2424 est
1279 2399 1308 2424 P.
1331 2415 1362 2417 —
1386 2400 1393 2414 Τ
1413 2399 1440 2425 in
1462 2400 1522 2425 ΡΥ.
1544 2416 1575 2418 -
1598 2401 1606 2411 “
1627 2401 1692 2427 (lico
1715 2402 1744 2427 P.
1767 2417 1798 2420 —

324 2440 335 2455 ⁹
353 2440 399 2466 vel
419 2456 451 2458 —
471 2440 565 2474 bovis]
587 2449 640 2466 om.
661 2441 691 2467 P.
712 2456 744 2459 ——
767 2442 787 2456 ¹⁰
806 2441 1005 2467 comitantiam
1026 2442 1055 2468 P.

416 2575 454 2606 (1)
480 2574 673 2609 Augustini
701 2575 745 2601 De
767 2575 876 2601 Genesi
898 2575 915 2601 l.
936 2575 998 2608 VII,
1019 2585 1043 2602 c.
1063 2578 1097 2602 20
1117 2576 1158 2609 (P.
1180 2577 1219 2608 L..
1240 2577 1296 2602 vol.
1317 2579 1359 2609 34,
1380 2578 1434 2604 col.
1455 2579 1525 2605 365».
1549 2589 1559 2601 (ν
1576 2578 1671 2605 Omne
1692 2579 1800 2614 quippe

325 2625 433 2652 corpus
461 2617 489 2643 in
515 2627 601 2644 omne
628 2627 733 2653 corpus
759 2620 862 2645 mutari
889 2628 987 2654 posse,
1013 2620 1152 2646 credibile
1173 2625 1234 2646 est:
1264 2621 1416 2654 quodlibet
1442 2626 1538 2648 autem
1569 2631 1676 2658 corpus
1696 2623 1801 2649 mutari

325 2668 414 2695 posse
435 2661 462 2687 in
483 2662 616 2695 animam,
638 2662 757 2688 credere
779 2663 935 2688 absurdum
957 2667 1000 2689 est
1017 2674 1037 2689 o.

1664 2754 1695 2778 18
