2493 3458
509 825 573 852 cod.
590 826 613 852 C

488 860 538 888 fol.
552 862 586 887 99
600 861 640 887 Rb

510 970 576 997 cod.
589 970 610 996 S

488 1005 536 1032 sol.
552 1007 586 1032 50
600 1006 639 1031 R'v

668 424 720 448 336
1024 422 1212 448 MAGlswt!
1251 422 1470 449 GODEFRIDI
1501 422 1551 448 DE
1581 422 1777 450 FONTIBUS

669 511 830 537 alternatae
850 519 907 537 non
927 514 994 537 sunt
1013 514 1122 536 tantum
1145 510 1255 537 credita
1275 509 1328 536 sed
1353 509 1505 537 evidenter
1528 510 1555 537 in
1582 519 1613 537 se
1643 514 1721 543 nota,
1741 519 1799 537 non
1825 511 1942 546 quidem
1971 511 2140 545 cognitione

669 563 788 594 propter
807 559 813 574 ¹
834 558 903 593 quid
930 557 982 584 sed
1009 557 1084 593 quia.
1114 558 1146 584 Et
1171 557 1288 593 quando
1314 557 1421 584 dicitur
1443 558 1521 593 quod
1548 567 1615 591 non,
1642 558 1709 593 quia
1733 567 1789 585 non
1804 559 1814 574 ¹
1833 564 1899 585 sunt
1922 558 2020 594 aliqua
2043 559 2140 594 priora

669 615 720 641 per
746 614 821 641 quae
846 606 1015 641 probentur,
1044 605 1199 632 dicendum
1229 605 1307 641 quod
1335 605 1466 639 cognitio
1487 605 1579 641 quia³
1598 614 1654 632 non
1676 610 1792 641 oportet
1819 606 1897 641 quod
1929 606 1967 632 sit
1992 615 2009 632 a
2035 607 2140 642 priore,

668 653 720 680 sed
740 653 849 680 suflicit
877 653 955 688 quod
981 653 1019 680 sit
1045 662 1060 679 a
1088 653 1251 688 posteriore
1277 656 1306 679 et
1331 661 1383 688 per
1408 653 1545 679 effectum
1571 658 1670 679 notum
1699 653 1735 679 ad
1761 662 1887 680 sensum.
1908 654 1993 682 Unde
2018 654 2140 681 scientia

667 701 866 728 subalternam
894 709 952 727 non
985 700 1093 736 accipit
1121 700 1187 736 quia
1221 700 1257 727 de
1282 700 1342 727 suis
1368 700 1518 736 principiis
1544 709 1560 727 a
1586 701 1813 733 subalternante‚
1845 701 1897 728 sed
1924 709 1940 727 a
1969 710 2065 734 sensu,
2094 701 2140 728 via

668 748 781 775 scilicet
809 757 921 780 sensus,
954 748 1111 774 memoriae
1137 752 1166 774 et
1192 748 1399 783 experientiae.
1426 748 1486 774 Sed
1513 757 1611 774 verum
1639 753 1683 774 est
1709 748 1787 783 quod
1813 748 1837 775 si
1863 748 1971 775 debeat
2003 749 2078 776 scire
2103 749 2141 776 de

668 796 728 823 suis
760 796 910 831 principiis
942 800 1062 831 propter
1094 795 1172 830 quid,
1204 800 1320 831 oportet
1350 795 1428 830 quod
1461 796 1516 822 hoc
1549 796 1598 822 fiat
1629 804 1682 831 per
1709 795 1861 822 scientiam
1891 796 2079 831 superiorem.
2106 797 2141 824 Et

669 844 759 870 ideo·
789 853 844 870 non
877 844 964 870 habet
991 843 1030 870 ita
1059 845 1063 877 1
1092 843 1252 878 perfectam
1283 843 1480 877 cognitionem
1510 843 1714 878 perspectivas
1742 844 1790 878 qui
1817 852 1874 870 non
1907 849 1951 870 est
1983 844 2141 871 instructus

669 892 696 918 in
716 891 878 927 geometria
898 891 973 918 sicut
994 891 1041 917 ille
1062 891 1109 926 qui
1130 896 1173 917 est
1195 891 1359 917 instructus.
1380 891 1438 917 Sed
1453 896 1592 925 quantum
1616 891 1653 917 ad
1674 891 1871 923 cognitionem
1895 892 1962 926 quia
1985 897 2030 918 est
2053 893 2141 919 habet

667 939 789 966 scientia
812 939 1011 965 subalternata
1031 939 1208 965 evidentiam
1235 939 1272 964 de
1292 939 1442 974 principiis
1473 939 1533 964 suis
1566 938 1592 965 in
1627 943 1765 974 quantum
1797 939 1984 973 distinguitur
2004 949 2019 966 a
2035 941 2045 955 ⁵
2074 941 2141 967 sub-

668 987 838 1016 alternante,
852 996 908 1013 non
924 987 960 1013 ab
974 987 1037 1021 ipsa
1052 986 1174 1012 scientia
1198 988 1200 1017 !
1223 987 1440 1012 subalternante
1455 986 1507 1013 sed
1522 986 1566 1012 via
1582 995 1693 1018 sensus,
1707 987 1865 1013 memoriae
1885 991 1914 1013 et
1933 987 2140 1022 experientiae.

757 1035 804 1061 Ad
830 1034 989 1061 secundum
1014 1034 1169 1060 (licendum
1193 1034 1272 1068 quod
1293 1034 1451 1068 theologia,
1478 1034 1500 1060 si
1527 1039 1605 1060 esset
1631 1034 1748 1069 proprie
1775 1034 1974 1061 subalternata
2000 1035 2140 1062 scientiae

668 1084 830 1114 beatorum,
844 1086 994 1117 oporteret
1014 1091 1128 1108 sumere
1149 1082 1175 1108 in
1197 1082 1242 1107 via
1263 1082 1440 1108 evidentiam
1455 1083 1466 1096 ⁰
1485 1090 1583 1108 eorum
1606 1091 1681 1117 quae
1694 1087 1760 1108 sunt
1780 1082 1922 1117 principia
1944 1082 1970 1109 in
1991 1083 2140 1118 theologia

669 1134 806 1166 quantum
837 1130 873 1156 ad
901 1130 968 1165 quia
994 1134 1047 1161 est,
1075 1129 1112 1156 de
1137 1129 1243 1165 quibus
1270 1129 1347 1156 beati
1377 1130 1518 1156 haberent
1544 1129 1676 1156 notitiam
1703 1134 1823 1165 propter
1849 1129 1917 1165 quid
1944 1135 2082 1165 quantum
2104 1131 2140 1158 ad

669 1188 702 1205 ea
725 1186 798 1213 quae
821 1178 961 1204 haberent
978 1178 986 1192 ⁷
1005 1182 1124 1212 propter
1144 1177 1221 1212 quid.
1247 1177 1331 1203 Unde
1352 1177 1500 1211 theologia
1521 1186 1577 1203 nori
1598 1181 1642 1203 est
1662 1178 1779 1212 proprie
1800 1178 1922 1204 scientia
1943 1178 2141 1206 subalternata

668 1226 809 1252 scientiae
835 1226 997 1256 beatorum,
1023 1225 1091 1251 licet
1118 1225 1198 1258 large
1231 1224 1344 1251 dicatur
1373 1224 1495 1251 scientia
1522 1225 1721 1251 subalternam
1749 1230 1778 1251 et
1810 1225 1931 1252 scientia
1964 1225 2042 1259 fidei,
2073 1227 2141 1262 quia

669 1273 800 1300 instructi
828 1273 855 1299 in
876 1273 1027 1307 theologia
1047 1272 1137 1298 adiuti
1165 1272 1272 1298 lumine
1298 1272 1366 1298 fidei
1393 1277 1421 1298 et
1448 1272 1587 1298 exercitio
1607 1272 1695 1298 studii
1719 1273 1827 1299 liabent
1849 1273 2000 1300 scientiam
2024 1274 2141 1309 proprie

669 1321 775 1347 dictam
803 1321 839 1347 (le
865 1321 1083 1355 consequentia,
1110 1325 1139 1346 ut
1160 1320 1239 1355 quod
1260 1320 1282 1346 si
1308 1320 1440 1346 (hristus
1460 1325 1503 1346 est
1519 1321 1615 1350 homo.
1636 1320 1770 1347 Christus
1792 1320 1881 1347 habet
1905 1321 2029 1347 animam
2054 1323 2142 1348 ratio-

668 1369 772 1395 nalem.
794 1368 852 1395 Sed
876 1368 950 1394 sicut
973 1377 1030 1394 non
1056 1369 1164 1394 liabent
1191 1368 1227 1394 de
1248 1368 1442 1394 antecedente
1463 1368 1516 1394 nisi
1538 1368 1633 1399 fidem,
1654 1368 1693 1394 ita
1713 1377 1766 1394 nec
1787 1368 1823 1394 de
1844 1374 2053 1404 consequente,
2074 1370 2141 1405 quia

669 1416 762 1452 qualis
782 1421 826 1442 est
842 1416 990 1442 evidentia
1013 1416 1223 1445 antecedentis.
1244 1416 1310 1442 talis
1334 1415 1421 1442 dehet
1446 1425 1511 1442 csse
1534 1416 1682 1442 evidentia
1707 1416 1921 1451 consequentis.
1943 1417 1978 1443 Et
2001 1418 2140 1444 maiorem

669 1464 755 1490 etiam
771 1466 780 1477 '⁴
806 1464 982 1490 evidentiam
1006 1464 1114 1490 liabent
1137 1464 1211 1490 tales
1233 1463 1364 1490 instructi
1393 1464 1541 1499 quomodo
1566 1464 1658 1490 Deum
1680 1463 1823 1490 incarnari
1847 1468 1876 1490 et
1898 1465 2140 1492 resurrectionem

668 1521 734 1538 esse
758 1513 794 1538 sit
818 1512 958 1547 possibile
979 1520 1065 1546 quam
1086 1511 1234 1546 simplices
1258 1512 1322 1538 laici
1346 1512 1464 1539 fideles:
1485 1512 1536 1538 sed
1557 1521 1614 1538 non
1636 1512 1743 1538 habent
1758 1511 1845 1538 talem
1868 1511 2044 1539 evidentiam
2065 1522 2141 1548 quae

668 1560 795 1586 sufficiat
827 1560 863 1585 ad
890 1559 1042 1585 scientiam
1072 1559 1189 1594 proprie
1215 1559 1332 1585 dictam.
1359 1560 1393 1586 Et
1418 1559 1484 1585 ideo
1511 1559 1597 1586 etiam
1628 1560 1776 1594 theologia
1806 1569 1863 1587 non
1891 1565 2015 1587 evacuat
2045 1561 2141 1593 fidem,

667 1612 696 1634 et
727 1608 887 1634 secundum
935 1608 1021 1633 talem
1055 1607 1173 1633 modum
1213 1607 1337 1633 vocandi
1379 1607 1540 1636 scientiam,
1572 1613 1616 1633 est
1654 1607 1874 1641 intelligendum
1916 1608 1986 1634 illud
2019 1609 2140 1635 verbum

668 1655 823 1690 Augustini
850 1657 898 1687 (l),
927 1655 1042 1681 decimo
1071 1655 1157 1681 tertio
1183 1655 1220 1681 (le
1249 1655 1407 1681 Trinitate:
1439 1656 1491 1681 liae
1518 1655 1640 1681 scientia
1667 1664 1723 1681 non
1753 1656 1864 1691 pollent
1891 1656 2005 1691 plurimi
2039 1656 2141 1683 fideles

667 1703 801 1738 quamvis
821 1703 951 1738 polleant
972 1702 1029 1728 tide
1050 1702 1212 1737 plurimum.
1232 1709 1260 1729 et
1281 1707 1378 1729 cetera
1399 1711 1474 1737 quae
1494 1707 1662 1738 sequuntur.

1227 1911 1490 1947 QUAESTIO
1522 1912 1570 1938 XI

1319 1991 1480 2017 cums).

825 2087 932 2114 Utrum
953 2087 1031 2113 illud
1049 2087 1128 2121 quod
1146 2087 1307 2113 secundum
1327 2096 1356 2112 se
1375 2089 1417 2112 es!
1437 2087 1550 2113 malum
1571 2089 1599 2113 et
1618 2086 1755 2112 illicitum
1771 2086 1867 2121 possit
1886 2086 1987 2120 aliquo

1137 2134 1221 2160 modo
1241 2143 1300 2160 esse
1319 2134 1426 2160 bonum
1446 2136 1473 2160 et
1492 2134 1607 2160 licitum
1623 2136 1670 2166 (2).

754 2267 802 2294 Ad
831 2267 991 2294 secundum
1020 2267 1062 2294 sic
1090 2266 1267 2302 proceditur,
1287 2271 1316 2293 et
1345 2267 1475 2302 arguitur
1495 2267 1574 2302 quod
1599 2266 1670 2293 illud
1684 2267 1694 2282 ⁹
1722 2266 1801 2302 quod
1823 2270 1868 2293 est
1884 2267 1904 2282 ¹⁰
1925 2266 2086 2294 secundum
2108 2274 2141 2293 se

665 2315 772 2342 malum
793 2315 887 2350 possit
906 2323 972 2341 esse
991 2314 1101 2341 licitum
1130 2323 1183 2349 per
1203 2314 1461 2349 dispensationem,
1481 2314 1549 2350 quia
1571 2314 1680 2341 habere
1706 2314 1789 2350 plura
1808 2314 1953 2341 beneficia
1972 2318 2017 2341 est
2039 2322 2140 2341 secun-

666 2363 734 2389 dum
767 2372 798 2389 se
830 2362 945 2389 malum.
977 2362 1038 2389 Sed
1065 2363 1121 2388 hoc
1157 2362 1189 2388 fit
1214 2362 1324 2389 licitum
1357 2371 1409 2398 per
1449 2361 1709 2398 dispensationem.
1741 2362 1820 2397 Ergo
1851 2366 1881 2388 et
1911 2366 2018 2389 cetera.
2047 2362 2141 2389 Minor

757 2510 764 2524 ¹
784 2509 902 2544 proprie
923 2509 955 2535 C.
975 2525 1008 2528 —
1029 2509 1039 2524 ²
1057 2518 1112 2534 om.
1133 2508 1186 2535 SP.
1207 2525 1239 2527 —
1259 2509 1270 2524 ⁸
1289 2509 1368 2543 quod
1388 2524 1420 2528 -
1441 2509 1518 2543 quia]
1539 2508 1576 2535 de
1595 2508 1764 2543 cognitione
1787 2508 1857 2543 quid
1877 2508 1909 2535 C.
1930 2524 1963 2528 —-
1983 2510 1992 2524 ⁴
2012 2513 2041 2535 et
2060 2508 2139 2543 ideo]

665 2556 786 2588 propter
806 2552 884 2588 quod
905 2552 937 2579 C.
957 2568 990 2572 —-
1012 2553 1022 2567 ⁵
1035 2561 1089 2578 om.
1110 2552 1142 2578 C.
1163 2568 1195 2571 —
1216 2553 1226 2567 ⁰
1239 2561 1354 2579 sumere
1369 2568 1400 2571 »-
1415 2552 1604 2586 evidentiam]
1624 2553 1733 2578 habere
1753 2552 1929 2579 evidentiam
1949 2553 1978 2579 in
1997 2553 2045 2579 via
2059 2552 2092 2580 C.
2106 2568 2140 2572 —-

668 2597 822 2623 ‘notitiam
842 2597 911 2623 add.
931 2596 964 2623 C.
984 2612 1017 2616 -—-
1039 2597 1049 2611 ⁵
1067 2600 1097 2622 et
1115 2612 1148 2616 -
1169 2596 1267 2630 etiam]
1289 2596 1376 2622 etiam
1397 2596 1537 2622 maiorem
1558 2595 1590 2622 C.
1611 2612 1643 2615 —
1663 2597 1674 2611 ⁹
1693 2596 1723 2622 id
1743 2596 1776 2622 C.
1796 2612 1828 2615 —
1851 2596 1871 2611 ¹⁰
1893 2595 1998 2623 falsum
2017 2597 2086 2623 add.
2107 2595 2139 2623 C.

754 2711 793 2743 (1)
814 2709 874 2736 Cfr.
894 2719 921 2745 p.
941 2711 1001 2741 264,
1021 2719 1047 2736 n.
1068 2711 1117 2742 (2).
1137 2725 1170 2728 —
1189 2710 1228 2742 (2)
1250 2708 1310 2736 Cfr.
1329 2718 1378 2744 pp.
1397 2710 1524 2735 264-272.
