2493 3458
688 440 735 465 ¹32
1048 436 1237 465 :immissio
1270 438 1489 465 GoDEI-‘ium
1520 439 1569 464 DE
1599 438 1796 465 FoN'slffl's

684 540 754 560 non
782 528 919 570 proprie
939 528 1140 570 assumptio.
1168 528 1255 560 Cum
1282 528 1371 560 enim
1398 528 1499 559 suerit
1525 528 1685 569 parvulus
1704 528 1736 559 in
1759 527 1991 570 conceptione
2017 528 2157 560 multum

685 586 838 618 additum
868 586 942 618 est¹
971 585 1034 617 sibi
1065 586 1107 617 (le
1137 597 1227 617 nova
1253 585 1392 617 materia
1419 596 1479 627 per
1504 585 1758 617 munimentum.
1785 586 1855 617 sed
1881 586 1936 617 illa
1965 586 2158 617 sscundum

684 654 722 676 se
750 654 821 675 non
850 645 1101 682 assumebatur,
1135 644 1196 675 sed
1230 643 1390 674 materiae
1423 643 1665 685 praeexistenti
1699 655 1788 684 quae
1818 654 1879 685 per
1910 654 1947 675 se
1980 650 2051 675 erat
2079 654 2159 685 pars

685 707 884 743 assumptae
913 707 1055 733 naturae
1085 701 1276 739 uniebatur,
1303 707 1335 732 et
1364 712 1403 732 ex
1433 700 1660 742 consequenti
1687 700 1804 732 divino
1833 691 2030 743 supposito.
2054 701 2099 732 lta
2125 701 2158 732 in

684 765 793 791 morte
818 759 982 791 remansit
1007 759 1108 791 unica
1133 758 1247 790 anima
1273 765 1305 790 et
1331 758 1470 790 materia
1497 770 1599 799 quam
1626 751 1778 800 perfecit,
1797 765 1829 790 et
1855 758 1934 800 quia
1960 759 1991 790 in
2018 758 2160 790 materia

685 817 740 849 illa
765 817 972 849 necessitate
998 823 1140 848 naturae
1165 816 1227 848 fuit
1253 827 1343 847 nova
1369 817 1478 847 forma
1504 816 1708 853 introducta,
1727 816 1782 847 illa
1801 816 1862 848 fuit
1880 816 1975 848 unita
1998 816 2159 848 materiae

686 875 812 906 Christi
842 874 875 906 in
905 886 982 906 esse
1011 881 1164 912 naturae,
1194 885 1263 905 non
1294 881 1406 905 autem
1438 874 1578 906 ulterius
1609 874 1692 905 Filio
1724 874 1786 906 Dei
1816 874 1849 905 in
1882 885 1960 906 esse
1989 874 2160 916 suppositi

498 918 664 981 soff-ogggvva
686 933 779 974 quod
808 935 812 973 Ι
840 935 933 964 esset
959 932 1146 974 potentiale
1172 932 1364 964 secundum
1383 931 1527 973 aliquos,
1546 932 1625 973 quia
1648 938 1699 963 est
1724 931 1788 963 alia
1813 931 1965 964 essentia
1982 944 2001 964 a
2020 932 2161 964 materia

496 990 662 1052 folCOffiSPRb
687 990 790 1022 unita.
817 990 888 1022 Sed
913 1001 984 1022 non
1010 990 1143 1022 videtur
1168 991 1236 1021 hoc
1261 1000 1338 1021 esse
1368 1000 1496 1027 verum,
1525 989 1605 1031 quia
1630 1000 1671 1021 ex
1697 1001 1766 1030 quo
1796 990 1850 1021 illa
1883 992 1887 1028 Ι
1920 990 2028 1021 forma
2057 990 2091 1021 in
2123 1001 2160 1022 se

686 1059 757 1079 non
783 1048 994 1080 subsistebat
1016 1054 1152 1090 oportet
1177 1048 1271 1089 quod
1297 1047 1500 1079 subsisteret
1519 1047 1550 1078 in
1570 1047 1752 1089 supposito
1770 1047 1803 1079 in
1829 1059 1898 1089 quo
1924 1048 2065 1079 materia
2082 1049 2161 1079 sub-

687 1106 830 1138 sistebat
846 1106 866 1145 '·',
891 1105 936 1137 ita
961 1106 1055 1147 quod
1083 1105 1116 1137 in
1142 1111 1307 1146 quantum
1333 1110 1404 1137 erat
1436 1105 1603 1146 perfectio
1629 1105 1716 1136 illius
1742 1105 1903 1137 materiae
1929 1105 2162 1147 principaliter

687 1164 813 1203 unitae,
847 1174 886 1196 ex
916 1163 1145 1205 consequenti
1175 1163 1207 1194 in
1238 1163 1367 1194 unitate
1396 1163 1552 1195 eiusdem
1582 1163 1750 1204 suppositi
1778 1163 1873 1194 unita
1898 1169 1979 1195 erat.
2005 1163 2084 1194 Non
2109 1169 2162 1195 est

687 1222 776 1254 enim
803 1227 922 1253 contra
948 1221 1074 1253 Christi
1100 1221 1300 1263 dignitatem
1329 1231 1458 1262 ponere
1484 1220 1572 1252 circa
1592 1220 1700 1262 ipsam
1719 1232 1759 1252 ea
1777 1232 1866 1262 quae
1887 1221 1930 1253 de
1953 1221 2161 1253 necessitate

687 1286 829 1312 naturae
847 1285 1046 1321 assumptae
1064 1286 1335 1320 consequuntur,
1352 1290 1392 1309 ex
1411 1290 1480 1319 quo
1498 1278 1607 1320 ipsam
1633 1289 1711 1310 cum
1737 1278 1808 1310 suis
1830 1278 2024 1311 defectibus
2039 1279 2049 1294 ²⁴
2065 1284 2162 1311 natu-

687 1337 814 1369 ralibus
845 1343 878 1369 et
903 1337 1109 1379 poenalibus
1138 1336 1245 1368 voluit
1273 1347 1460 1367 assumere.

777 1396 854 1427 Hoc
883 1401 997 1427 tamen
1033 1405 1103 1426 non
1133 1405 1263 1431 assero,
1293 1394 1354 1426 sed
1388 1405 1457 1425 non
1494 1393 1596 1426 video
1625 1405 1731 1435 quare
1764 1405 1832 1426 non
1868 1394 1976 1436 possit
2009 1394 2059 1427 sic
2084 1394 2161 1426 dici.

689 1453 794 1494 Quod
813 1453 902 1485 enim
922 1453 954 1484 in
974 1452 1113 1485 Christo
1131 1452 1182 1483 vel
1209 1452 1240 1483 in
1267 1451 1341 1483 aliis
1368 1451 1478 1493 possit
1503 1452 1593 1483 illem
1620 1463 1764 1483 numero
1785 1463 1912 1494 corpus
1931 1463 2008 1485 esse
2029 1452 2162 1484 vivum‘

688 1517 721 1543 et
739 1517 921 1550 mortuum,
940 1510 984 1542 ita
1003 1510 1218 1552 impossibile
1238 1509 1372 1541 videtur
1388 1509 1476 1541 sicut
1494 1510 1586 1551 quod
1605 1509 1732 1551 aliquid
1759 1521 1864 1542 unum
1883 1521 2027 1542 numero
2052 1510 2163 1552 possit

689 1579 768 1601 esse
794 1569 910 1600 vinum
932 1574 964 1600 et
989 1575 1135 1600 acetum.
1163 1568 1268 1599 Immo
1294 1567 1326 1599 in
1353 1567 1477 1599 talibus
1496 1578 1565 1599 non
1592 1574 1684 1599 esset
1709 1568 1836 1610 aliquid
1862 1575 2060 1610 corruptum
2087 1568 2163 1600 sim-

689 1627 821 1669 pliciter
853 1632 889 1658 ut
922 1626 1050 1658 (lictum
1087 1632 1149 1664 est,
1183 1626 1263 1667 quia
1295 1625 1322 1657 si
1357 1636 1427 1657 non
1461 1625 1503 1657 sit
1531 1625 1658 1667 aliquid
1692 1636 1819 1657 novum
1851 1632 2065 1668 generatum,
2097 1636 2163 1658 nec

689 1685 791 1716 etiam
816 1683 895 1716 est⁶
925 1684 1053 1726 aliquid
1088 1683 1287 1725 simpliciter
1312 1689 1521 1725 corruptum.
1552 1683 1653 1723 Quae
1685 1690 1736 1715 est
1765 1683 1968 1726 dispositio‘¹
1997 1694 2086 1726 quae
2112 1690 2165 1716 est

690 1742 883 1775 necessitas
901 1741 1014 1783 aliqua
1039 1742 1154 1773 adhuc
1179 1741 1292 1773 anima
1310 1752 1380 1772 non
1406 1747 1586 1783 separetur
1601 1740 1611 1756 ⁷
1629 1741 1792 1782 quamdiu
1810 1748 1964 1773 maneret
1980 1753 2164 1784 quousque

690 1799 781 1832 facta
799 1799 891 1832 circa
911 1799 1160 1841 dispositiones
1178 1805 1436 1840 consequentes
1454 1798 1719 1841 regeneratione
1737 1799 1790 1830 vel
1808 1799 2057 1831 antecedentes
2074 1801 2164 1832 hanc

690 1858 845 1897 formam,
872 1857 1026 1889 similiter
1050 1857 1106 1889 illa
1134 1857 1324 1889 variatione
1353 1867 1423 1888 non
1454 1857 1614 1888 obstante
1643 1857 1711 1888 hoc
1735 1856 1913 1889 maneret‘fi
1943 1857 1985 1889 Et
2013 1857 2102 1889 sicut
2129 1857 2164 1889 in

690 1921 790 1948 aceto
815 1926 886 1947 non
915 1921 967 1947 est
996 1915 1105 1947 forma
1134 1914 1370 1946 substantialis
1395 1925 1485 1955 quae
1515 1914 1608 1956 prius
1634 1914 1696 1946 fuit
1727 1914 1892 1956 (alioquin
1921 1914 2015 1957 prius
2044 1915 2165 1947 fuisset

691 1973 890 2016 simpliciter
914 1979 1050 2005 acetum
1076 1979 1109 2005 et
1126 1972 1267 2011 vinum),
1286 1972 1330 2004 ita
1356 1972 1388 2004 in
1415 1982 1561 2014 corpore
1587 1978 1723 2004 mortuo
1748 1983 1819 2004 non
1844 1979 1896 2004 est
1920 1972 2048 2014 aliquid
2069 1973 2165 2014 quod

691 2031 786 2073 prius
811 2031 873 2063 fuit
897 2031 1091 2064 secundum
1118 2030 1260 2063 formam
1287 2029 1559 2069 substantialem,
1585 2029 1738 2071 alioquin
1764 2030 1874 2062 forma
1899 2030 1965 2062 vivi
1985 2036 2019 2062 et
2040 2030 2163 2062 mortui

692 2094 808 2121 essent
825 2089 935 2121 simul.

783 2147 853 2179 Sed
896 2157 1014 2178 nonne
1054 2146 1165 2189 magis
1205 2145 1402 2188 specialiter
1445 2145 1630 2177 confitetur
1668 2145 1826 2178 Ecclesia
1870 2156 1997 2188 corpus
2037 2145 2164 2178 Christi

691 2216 798 2237 unum
824 2216 968 2237 numero
994 2204 1112 2243 fuisse,
1142 2210 1179 2236 ut
1209 2210 1304 2246 patet
1339 2214 1400 2246 per
1433 2203 1656 2235 auctoritates
1689 2210 1887 2236 sanctorum
1923 2204 2024 2236 valde
2060 2204 2165 2236 mani-

692 2263 808 2302 festas,
834 2273 937 2304 quam
963 2263 1006 2295 de
1031 2262 1132 2294 aliis?
1158 2261 1354 2294 Dicendum
1381 2261 1475 2303 quod
1500 2261 1615 2301 immo,
1651 2262 1746 2303 quod
1770 2262 1850 2294 licet
1874 2273 1944 2294 non
1970 2262 2034 2294 suit
2057 2273 2165 2294 unum

690 2331 835 2353 numero
866 2331 994 2363 corpus
1027 2319 1154 2352 Christi
1187 2319 1302 2351 vivum
1332 2325 1366 2351 et
1394 2325 1567 2351 mortuum
1592 2319 1723 2351 unitate
1753 2319 1885 2352 formae
1917 2319 2164 2359 substantialis,

691 2379 755 2410 fuit
782 2384 897 2411 tamen
922 2389 1028 2410 unum
1055 2377 1196 2420 speciali
1221 2377 1352 2409 unitate
1377 2377 1558 2419 suppositi.

781 2437 838 2468 Ad
855 2436 947 2468 aliud
965 2437 1009 2468 de
1033 2434 1447 2468 transsubstantiatione⁸
1470 2435 1656 2467 dicendum
1682 2435 1777 2477 quod
1801 2435 1986 2468 conversio
2010 2435 2048 2467 fit
2071 2435 2105 2467 in
2130 2435 2165 2467 id

692 2495 787 2536 quod
802 2505 884 2527 vere
909 2500 1024 2536 potest
1049 2493 1117 2526 dici
1134 2504 1262 2536 corpus
1281 2492 1513 2536 compositum
1535 2503 1576 2525 ex
1593 2493 1734 2525 materia
1759 2499 1792 2525 et
1809 2493 1920 2526 forma
1937 2493 2164 2525 substantiali.

783 2652 790 2666 ¹
805 2659 858 2676 om.
879 2650 910 2676 P.
925 2665 957 2670 —
972 2649 982 2665 ²
995 2654 1113 2685 oportet
1126 2665 1158 2668 —
1174 2649 1362 2682 subsistebat]
1378 2658 1432 2674 om.
1453 2648 1482 2673 P.
1502 2662 1535 2667 —-—
1556 2648 1566 2663 ³
1580 2648 1690 2674 lacuna
1710 2648 1741 2674 P.
1761 2664 1793 2667 —
1815 2650 1824 2663 ⁴
1837 2657 1926 2674 unum
1945 2648 1978 2674 V.
1993 2664 2026 2667 —
2041 2649 2052 2664 ⁵
2063 2657 2118 2674 om.
2133 2647 2165 2674 P.

693 2709 726 2713 -—-
742 2695 752 2709 ⁰
765 2694 850 2729 Quae
864 2699 909 2721 est
922 2694 1077 2729 dispositio
1091 2710 1123 2713 —
1135 2694 1190 2720 hoc
1204 2694 1346 2727 maneret]
1359 2693 1419 2718 Hic
1432 2693 1512 2719 locus
1527 2692 1650 2718 mutilus
1663 2701 1722 2718 esse
1734 2692 1860 2718 videtur.
1871 2708 1903 2711 —
1918 2693 1926 2707 ⁷
1936 2696 2122 2727 separaretur
2134 2692 2165 2718 P.

693 2754 725 2757 —
746 2739 756 2753 ⁵
768 2738 1015 2773 transsumptione
1029 2738 1086 2764 ΡΥ,
