2493 3458
729 422 762 448 ⁹4
1093 421 1283 448 MAGISTRI
1313 399 1530 448 CODEFR1D1
1561 421 1611 448 DE
1641 420 1838 449 FONTIBUS

729 512 807 544 Hoc
841 517 953 543 autem
987 512 1122 544 videtur
1149 511 1314 543 creaturis
1345 511 1576 543 materialibus
1606 511 1745 544 dedisse
1778 511 1953 543 materiam
1987 511 2095 554 ipsam
2121 523 2199 544 cum

728 569 799 600 suis
840 569 1013 611 potentiis,
1054 581 1124 601 non
1167 569 1430 611 importantibus
1466 569 1595 610 aliquid
1635 569 1895 611 superadditum
1932 569 2095 602 materiae
2134 569 2200 602 nisi

727 626 913 658 relationes
945 628 998 658 vel
1028 634 1223 669 respectum
1261 627 1499 668 producendo,
1533 627 1564 658 in
1595 638 1662 668 qua
1693 633 1728 658 ut
1758 626 1806 658 sic
1831 638 1902 658 non
1929 632 1981 658 est
2011 633 2047 659 ut
2071 627 2200 668 aliquid

726 685 783 716 liat
812 696 851 715 ex
882 685 955 726 ipsa
985 685 1292 726 1n‹=‹li;1nt‹,·;1liqu·›
1317 690 1443 725 agn-nte
1469 691 1596 721 creato,
1623 685 1683 715 sed
1709 690 1845 726 oportet
1870 685 2041 716 coadesse
2066 684 2200 726 aliquas

726 741 974 784 dislitmitiones
1007 743 1250 784 superadditas
1282 754 1370 784 quae
1411 742 1573 774 (licuntur
1605 742 1757 774 rationes
1798 742 1992 774 seminales.
2027 742 2098 774 Sed
2135 743 2200 774 hae

725 800 840 831 nudae
873 800 1048 841 potentia<-v
1083 800 1257 832 sufiiciunt
1291 801 1333 832 ad
1368 800 1647 841 quamcumque-¹
1680 800 1823 831 formam
1860 805 2023 842 respectu
2062 799 2200 841 agentis

725 858 1006 899 supernaturalis,
1036 858 1092 900 qui
1130 869 1199 889 non
1236 858 1369 899 indiget
1401 857 1517 899 aliqua
1552 857 1686 890 ratione
1721 858 1875 890 seminali
1915 864 2128 900 cooperante
2167 862 2201 890 et

725 921 850 947 cetera.

812 974 926 1006 Habet
951 985 1034 1017 ergo
1060 975 1156 1005 Deus
1182 973 1214 1005 in
1234 985 1271 1006 se
1290 974 1366 1016 ipso
1385 973 1611 1005 absconditas
1637 974 1854 1015 quorundam
1881 973 2051 1005 factorum
2075 983 2200 1005 causas

723 1043 809 1073 quas
834 1032 937 1064 rebus
963 1031 1111 1063 conditis
1136 1043 1205 1063 non
1232 1031 1375 1064 inseruit
1400 1031 1458 1067 (ibi
1484 1038 1536 1063 est
1569 1037 1602 1063 et
1626 1031 1736 1072 gratia
1763 1042 1824 1073 per
1858 1042 1961 1072 quam
1996 1031 2081 1063 salvi
2114 1031 2201 1063 fiunt

722 1095 948 1131 peccatores).
969 1089 1010 1122 Et
1028 1095 1188 1131 respectu
1209 1090 1282 1125 l)ei,
1301 1095 1466 1131 quantum
1486 1090 1528 1120 ad
1547 1089 1704 1120 virtutem
1724 1090 1846 1120 harum
1864 1100 2059 1128 causarum,
2077 1089 2201 1121 dicitur

722 1147 863 1179 materia
895 1148 1005 1179 solum
1037 1149 1165 1179 habere
1197 1147 1387 1189 potentiam
1417 1147 1697 1179 oboedientalem
1724 1158 1795 1179 non
1826 1147 2032 1186 naturalem
2058 1147 2138 1189 quia
2164 1152 2200 1179 ut

721 1205 771 1237 sic
796 1216 865 1237 non
891 1205 1132 1238 consideratur
1157 1205 1190 1236 in
1217 1205 1358 1237 materia
1383 1205 1512 1246 aliquid
1538 1216 1599 1247 per
1623 1205 1718 1246 quod
1743 1205 1787 1236 ad
1820 1204 1853 1237 id
1887 1205 1981 1246 quod
2012 1205 2064 1237 sie
2095 1205 2129 1237 in
2158 1215 2200 1237 ea

722 1263 793 1295 fieri
818 1263 949 1295 habet²
976 1263 1223 1295 determinetur
1240 1263 1293 1294 vel
1319 1270 1465 1305 aptetur,
1491 1269 1524 1295 et
1549 1274 1610 1305 per
1635 1263 1729 1304 quod
1754 1262 1869 1304 aliquo
1887 1263 1993 1295 modo
2017 1262 2200 1305 cooperari

721 1321 830 1363 possit
855 1320 1009 1363 intelligi,
1035 1322 1097 1353 sed
1114 1320 1124 1337 ³
1155 1321 1253 1362 quasi
1280 1332 1321 1352 ex
1347 1332 1384 1353 se
1410 1321 1493 1352 nihil
1527 1321 1661 1352 liabens
1691 1320 1784 1352 unde
1816 1321 1916 1362 quasi
1949 1331 1992 1352 ex
2023 1331 2062 1353 se
2087 1321 2199 1353 deter-

720 1378 847 1411 minate
879 1379 1037 1411 tenderet
1069 1379 1113 1410 ad
1148 1379 1241 1420 quod
1275 1378 1422 1410 intendit
1454 1389 1575 1419 agens,
1610 1378 1835 1411 oboediendo
1870 1378 2017 1411 sustinet
2045 1378 2079 1410 id
2103 1378 2199 1420 quod

719 1437 879 1468 voluntas
905 1436 970 1468 Dei
1002 1447 1043 1468 ex
1077 1437 1151 1479 ipsa
1184 1437 1255 1468 vult
1288 1437 1428 1474 facere;
1460 1437 1513 1468 vel
1547 1436 1626 1478 quia
1661 1436 1763 1469 etiam
1797 1442 1832 1468 ut
1865 1436 1915 1468 sic
1947 1436 2198 1476 consideratur,

719 1494 906 1536 aliquando
935 1495 1040 1526 habet
1069 1506 1146 1526 esse
1176 1495 1240 1526 sub
1270 1494 1432 1536 opposita
1461 1494 1691 1536 dispositione
1721 1494 1831 1536 ipsam
1861 1494 1972 1538 magis
1996 1495 2041 1526 ad
2065 1500 2199 1527 contra-

718 1552 804 1584 rium
822 1552 1032 1594 disponente
1057 1559 1090 1584 et
1116 1559 1257 1595 aptante
1282 1559 1315 1584 et
1342 1552 1542 1591 inclinante,
1560 1558 1593 1584 et
1611 1552 1837 1584 nihilominus
1863 1563 1934 1584 non
1959 1551 2113 1585 renitens
2138 1563 2200 1595 per

717 1610 916 1642 huiusmodi
941 1610 1147 1643 contrariam
1181 1610 1445 1653 dispositionem
1472 1610 1571 1652 quasi
1596 1609 1742 1642 sustinet
1769 1611 1812 1642 de
1838 1609 1913 1652 ipsa
1947 1610 2099 1642 divinam
2125 1609 2199 1643 fieri

717 1669 940 1701 voluntatem.
975 1669 1148 1711 Respectu
1175 1675 1289 1700 autem
1314 1668 1450 1711 agentis
1475 1668 1652 1704 naturalis.
1685 1667 1810 1700 dieitur
1844 1669 1972 1701 habere
2006 1669 2197 1701 naturalem

717 1726 907 1768 potentiam
936 1726 1045 1769 ipsam
1075 1727 1119 1758 ad
1149 1727 1292 1758 sormam
1319 1733 1433 1758 natam
1460 1726 1577 1758 induci
1603 1727 1646 1758 ab
1671 1732 1798 1767 agente
1823 1731 2002 1768 aptantem
2028 1731 2061 1759 et
2086 1727 2197 1759 deter-

717 1784 915 1823 minantem,
942 1790 975 1817 et
1007 1785 1266 1826 quodammodo
1291 1784 1490 1816 naturaliter
1515 1784 1737 1817 inclinantem
1765 1790 1798 1816 et
1830 1783 2080 1826 dispositiones
2114 1795 2196 1817 con-

716 1842 836 1874 trarias
861 1842 1090 1885 impedientes
1115 1843 1370 1879 excludentem:
1394 1848 1430 1874 ut
1455 1842 1504 1874 sic
1530 1853 1600 1874 non
1619 1842 1718 1884 quasi
1735 1842 1959 1874 oboediendo
1978 1848 2100 1874 contra
2119 1842 2196 1875 eius

717 1900 984 1939 inclinationem,
1010 1901 1072 1932 sed
1098 1900 1287 1942 appetitum
1314 1911 1414 1932 suum
1440 1900 1615 1942 proprium
1641 1899 1740 1941 quasi
1765 1900 1956 1941 sequendo,
1976 1900 2132 1942 pervenit
2149 1901 2194 1932 ad

715 1958 750 1990 id
775 1959 868 2000 quod
894 1958 1050 1997 intendit,
1075 1958 1155 1990 licet
1180 1969 1250 1990 non
1275 1958 1341 1990 nisi
1366 1958 1488 1990 virtute
1513 1957 1650 2001 agentis
1675 1957 1884 2000 principalis.

805 2016 893 2048 Cum
930 2016 1054 2047 dicitur
1088 2016 1183 2057 quod
1213 2015 1245 2047 in
1279 2016 1420 2048 materia
1453 2016 1551 2057 quasi
1587 2015 1821 2054 intellectuali,
1846 2015 1979 2048 scilicet
2011 2015 2045 2048 in
2079 2015 2195 2048 anima

715 2074 872 2106 rationali
897 2079 1012 2116 potest
1037 2074 1133 2106 Deus
1158 2073 1286 2115 aliquid
1312 2074 1426 2106 facere
1451 2074 1495 2106 ad
1521 2074 1615 2116 quod
1641 2084 1711 2105 non
1744 2074 1848 2106 habet
1879 2073 2070 2116 potentiam
2095 2080 2195 2106 natu-

714 2132 818 2164 ralem
845 2137 877 2164 et
902 2138 1026 2170 cetera,
1052 2131 1238 2164 dicendum
1268 2133 1362 2173 quod
1387 2131 1476 2164 sieut
1501 2132 1534 2164 in
1561 2132 1701 2164 materia
1720 2131 1891 2173 corporali
1908 2132 2081 2174 quaedam
2108 2132 2195 2164 fiunt

714 2201 733 2222 a
751 2190 828 2222 Deo
846 2190 995 2222 totaliter
1011 2190 1170 2229 mediate,
1186 2189 1317 2222 scilicet
1335 2191 1466 2222 formae
1489 2201 1597 2232 purae
1614 2191 1791 2223 naturales
1810 2191 1958 2223 eductae
1976 2191 2019 2222 de
2038 2190 2194 2232 potentia

713 2247 886 2287 materiae,
920 2248 1092 2290 quaedam
1125 2248 1274 2280 mediate
1301 2255 1334 2280 et
1363 2248 1568 2283 immediate,
1602 2248 1733 2281 scilicet
1758 2248 1977 2287 intellectiva,
2007 2259 2096 2290 quae
2129 2258 2193 2290 pro

713 2311 808 2338 tanto
838 2305 1012 2337 inducitur
1045 2306 1279 2338 mediantibus
1308 2306 1493 2349 agentibus
1519 2306 1733 2338 naturalibus
1761 2306 1796 2338 in
1821 2311 1989 2348 quantum
2014 2305 2192 2338 materiam

713 2363 756 2395 ad
781 2363 1040 2406 susceptionem
1066 2363 1296 2396 intellectivae
1323 2364 1523 2406 disponunt,
1543 2363 1743 2396 immediate
1769 2375 1851 2397 vero
1876 2375 1896 2396 a
1922 2364 1998 2396 Deo
2025 2369 2192 2405 quantum

712 2421 756 2452 ad
785 2421 895 2463 ipsam
921 2421 1107 2454 essentiam
1133 2421 1270 2454 animae
1295 2433 1397 2463 quam
1422 2422 1555 2454 inducit
1582 2422 1617 2454 in
1636 2422 1813 2454 materiam
1837 2414 2003 2461 creando,
2029 2427 2063 2454 et
2087 2421 2192 2453 etiam

710 2478 805 2520 ipsas
823 2479 1070 2521 dispositiones
1087 2480 1282 2512 materiales
1300 2480 1447 2512 animam
1467 2479 1669 2512 rationalem
1694 2479 1728 2511 in
1751 2479 1893 2512 materia
1917 2484 2190 2521 consequentes,

711 2536 756 2568 ita
788 2547 852 2569 suo
884 2538 989 2570 modo
1014 2538 1183 2582 contingit
1215 2538 1249 2570 in
1281 2538 1423 2571 materia
1452 2537 1628 2580 spirituali.
1662 2538 1750 2570 Nam
1781 2537 1948 2570 scientiae
1981 2543 2015 2570 et
2044 2537 2191 2569 virtutes

799 2725 806 2740 ¹
822 2729 1087 2760 quantumcumque
1100 2724 1134 2750 V.
1149 2741 1182 2744 -
1196 2725 1206 2740 Ξ
1220 2724 1309 2752 debet
1324 2725 1353 2751 P.
1368 2741 1401 2744 —
1416 2725 1426 2741 ⁸
1439 2724 1552 2752 scilicet
1568 2725 1598 2751 P.
