2493 3458
506 2153 571 2180 cod.
582 2154 607 2179 V

471 2188 520 2215 fol.
533 2190 586 2215 253
600 2189 640 2215 Ra

671 451 703 474 10
1031 448 1218 474 MAGISTRI
1250 446 1465 473 (jODEFRlDl
1498 446 1547 472 DE
1577 446 1773 473 FONTIBUS

758 538 969 579 Respondet)
987 537 1171 569 (licendum
1191 536 1294 577 quod,
1313 546 1389 567 cum
1417 535 1560 567 scientia
1586 536 1712 567 habeat
1737 535 1911 567 entitatem
1931 542 1964 567 et
1981 534 2132 577 speciem

668 595 741 626 sive
759 595 925 627 rationem
937 593 987 626 'ab
1005 594 1154 633 obiecto,
1172 594 1364 625 secuudum
1384 593 1560 624 formalem
1587 593 1752 624 rationem
1780 592 1917 631 obiecti,
1940 593 2132 624 secundum

668 663 770 694 quam
788 658 840 684 est
857 651 1090 684 consideratio
1108 652 1151 683 (le
1170 651 1244 693 ipso
1264 651 1295 682 in
1315 650 1468 698 scientia,
1488 650 1668 692 supposito
1693 651 1786 692 quod
1815 651 1909 681 Deus
1935 650 1977 682 sit
2001 650 2134 682 subiec-

667 716 737 741 tum
763 710 796 742 in
823 710 1010 750 theologia,
1029 715 1143 751 potest
1165 708 1281 750 quaeri
1307 709 1372 739 sub
1398 719 1465 749 qua
1491 707 1622 739 ratione
1647 707 1689 739 sit
1714 708 1906 739 subiectum
1933 707 1966 739 in
1991 707 2135 739 scientia

668 767 875 809 theologiae,
901 773 958 799 aut
986 767 1178 799 secundum
1207 766 1346 798 modum
1377 766 1568 797 secundum
1598 776 1699 807 quem
1729 771 1781 797 est
1809 765 1942 803 tradita,
1971 771 2029 797 aut
2057 765 2134 796 sim·

667 825 800 867 pliciter
817 832 849 857 et
869 825 1028 856 absolute
1053 824 1245 856 secundum
1272 824 1412 855 modum
1439 823 1630 854 secundum
1657 834 1757 864 quem
1778 825 1784 839 ¹
1810 828 1891 854 nata
1915 828 1967 854 est
1991 822 2135 854 scientia

667 883 785 914 haberi
818 883 861 914 de
894 883 970 914 Deo
1003 883 1046 913 ab
1078 881 1218 913 bomine
1256 880 1344 912 fideli
1382 881 1574 912 secundum
1613 881 1705 921 quod
1743 880 1863 911 fidelis.
1898 879 1933 912 Si
1967 879 2057 912 enirn
2091 880 2134 912 de

666 940 877 972 naturalibus
902 951 971 971 non
999 945 1090 971 esset
1106 939 1116 955 ²
1140 938 1262 970 tradita
1287 938 1430 970 scientia
1456 938 1519 969 nisi
1550 938 1592 969 de
1621 948 1768 979 corpore
1797 937 1912 969 mobili
1942 937 2134 970 secundum

667 999 758 1040 quod
777 1003 829 1030 est
847 997 973 1029 mobile
991 997 1034 1028 ad
1051 996 1163 1034 situm,
1184 996 1262 1027 licet
1279 1002 1371 1028 esset
1396 1001 1477 1027 nata
1502 1006 1580 1027 esse
1607 995 1751 1026 scientia
1775 995 1819 1027 de
1844 1005 1991 1036 corpore
2016 994 2135 1027 mobili

666 1056 858 1087 secundum
883 1055 975 1096 quod
1003 1054 1130 1085 mobile
1155 1053 1353 1095 simpliciter
1378 1059 1410 1085 et
1435 1053 1604 1091 absolute,
1632 1059 1750 1094 posset
1775 1052 1891 1094 quaeri
1918 1052 2134 1094 isto,duplici

666 1113 770 1145 modo
811 1113 853 1145 de
893 1112 1050 1144 subiecto
1091 1111 1255 1143 scientiae
1296 1110 1470 1142 naturalis.
1512 1110 1554 1142 Et
1593 1110 1765 1142 (liceretur
1805 1111 1896 1151 quod
1941 1109 2133 1142 subiectum

665 1170 830 1203 scientiae
855 1169 1019 1201 naturalis
1044 1174 1080 1200 ut
1104 1168 1226 1200 tradita
1245 1174 1306 1207 est,
1325 1168 1401 1200 θςῖ3
1425 1178 1552 1210 corpus
1578 1168 1704 1199 mobile
1729 1169 1793 1199 sub
1819 1169 1884 1200 hac
1909 1167 2135 1200 determinata

665 1228 808 1267 ratione,
837 1238 903 1269 qua
932 1227 1062 1260 scilicet
1089 1226 1214 1258 mobile
1244 1226 1286 1257 ad
1315 1226 1428 1263 situm,
1457 1231 1490 1257 et
1519 1236 1589 1257 non
1623 1226 1687 1257 sub
1717 1225 1850 1257 ratione
1879 1225 2039 1257 absoluta
2067 1235 2135 1267 qua

665 1285 794 1318 scilicet
826 1290 877 1317 est
908 1284 1034 1317 mobile
1067 1283 1274 1326 simpliciter.
1309 1283 1511 1315 Subiectum
1548 1289 1661 1314 tamen
1695 1282 1860 1314 scientiae
1893 1282 2065 1321 naturalis,
2098 1288 2135 1314 ut

664 1349 745 1375 nata
770 1348 823 1375 est
847 1353 924 1374 csse
949 1343 992 1374 de
1018 1353 1163 1383 corpore.
1192 1341 1318 1377 mobili,
1344 1347 1395 1372 est
1424 1340 1535 1382 ipsum
1565 1351 1692 1382 corpus
1721 1340 1848 1372 mobile
1876 1340 2069 1372 secundum
2096 1350 2134 1372 se

664 1402 728 1433 sub
753 1400 886 1432 ratione
911 1410 979 1442 qua
1004 1399 1129 1431 mobile
1154 1404 1205 1431 est
1229 1398 1437 1440 simpliciter.
1465 1398 1512 1430 Ita
1538 1398 1570 1429 in
1596 1398 1787 1440 proposito.

752 1458 844 1499 Quia
861 1457 952 1490 enim
974 1456 1151 1499 theologia
1169 1456 1303 1488 videtur
1321 1466 1398 1487 esse
1415 1455 1560 1487 scientia
1585 1455 1708 1487 tradita
1734 1455 1968 1497 principaliter
1992 1461 2134 1497 propter

664 1516 838 1548 hominem
870 1515 1004 1557 lapsum
1037 1514 1278 1556 reparandum,
1312 1519 1347 1545 ut
1379 1519 1587 1555 agnosceret
1619 1513 1753 1555 lapsum
1794 1524 1893 1544 suum
1927 1519 1960 1545 et
1993 1513 2133 1545 modum

663 1573 890 1616 reparationis
915 1579 947 1605 et
972 1573 1015 1604 ad
1040 1572 1121 1613 quid
1148 1578 1324 1613 reparatur
1352 1577 1385 1603 et
1409 1570 1619 1608 huiusmodi,
1641 1590 1677 1593 —
1705 1571 1798 1602 unde
1823 1570 1925 1603 etiam
1950 1570 2050 1612 quasi
2074 1581 2136 1613 per

663 1637 768 1664 totam
794 1631 1004 1673 Scripturam
1030 1639 1162 1662 sacram
1188 1629 1323 1661 videtur
1347 1629 1432 1660 tradi
1459 1628 1613 1670 cognitio
1639 1639 1758 1660 eorum
1784 1639 1873 1670 quae
1898 1629 1942 1660 ad
1967 1629 2035 1661 hoc
2060 1639 2134 1670 per-

662 1689 782 1728 tinent,
803 1708 840 1711 —
859 1689 927 1720 hoc
943 1687 1081 1730 quidem
1107 1687 1336 1725 attendente&
1355 1686 1456 1728 aliqui
1475 1688 1520 1726 (l)
1539 1686 1658 1718 dicunt
1683 1687 1777 1728 quod
1803 1686 1899 1718 Deus
1917 1687 1982 1718 sub
2001 1685 2134 1718 ratione

662 1758 729 1788 qua
753 1751 930 1789 reparator
954 1752 987 1778 et
1011 1745 1221 1788 glorificator
1246 1745 1296 1776 vel
1322 1743 1519 1775 huiusmodi
1545 1750 1597 1775 est
1621 1743 1825 1776 subiectum.

750 1804 894 1836 Videtur
919 1809 1032 1835 tamen
1058 1803 1151 1844 quod
1177 1803 1344 1834 deberent
1361 1802 1476 1833 (licere
1497 1802 1591 1843 quod
1617 1802 1810 1834 subiectum
1836 1801 2036 1845 theologiae
2060 1801 2134 1834 sive

662 1862 827 1895 scientiae
852 1872 953 1903 quam
979 1860 1090 1892 tidelis
1115 1860 1306 1892 secundum
1332 1860 1425 1901 quod
1452 1859 1587 1891 tidelis⁴
1613 1865 1714 1891 natus
1743 1866 1795 1891 est
1819 1860 1948 1892 habere
1973 1859 2017 1892 de
2042 1859 2132 1898 Deo,

662 1931 732 1952 non
755 1926 807 1952 est
828 1920 924 1951 Deus
949 1919 1013 1950 sub
1038 1919 1104 1950 hac
1128 1917 1268 1959 speciali
1294 1917 1447 1951 ratione:
1473 1917 1552 1958 quia
1578 1917 1605 1948 si
1632 1917 1732 1949 etiam
1749 1917 1761 1933 ⁵
1784 1917 1861 1948 talis
1886 1916 2132 1955 consideratio,

660 1988 732 2009 non
764 1983 816 2010 est
848 1976 984 2019 proprie
1013 1977 1055 2008 de
1086 1976 1171 2014 Deo,
1200 1976 1262 2006 sed
1291 1975 1405 2016 potius
1438 1975 1481 2006 de
1513 1974 1653 2006 homine
1682 1975 1734 2006 vel
1767 1975 1810 2006 de
1842 1975 1937 2006 bono
1969 1973 2130 2013 hominis,

661 2035 733 2068 sive
765 2036 808 2067 de
844 2035 969 2067 effectu
1003 2033 1066 2066 Dei
1099 2033 1189 2065 circa
1226 2032 1400 2064 hominem
1437 2032 1490 2064 vel
1523 2038 1678 2064 naturam
1697 2031 1716 2063 ⁸.
1751 2032 1853 2064 Unde
1891 2043 1970 2064 cum
2006 2032 2133 2064 dicitur

662 2093 755 2134 quod
772 2092 805 2124 in
829 2093 895 2124 hac
918 2091 1062 2124 scientia
1087 2092 1243 2131 (lacuna)
1271 2090 1364 2122 Deus
1390 2096 1442 2122 est
1466 2089 1659 2121 subiectum
1682 2090 1736 2122 vel
1759 2090 1944 2129 obiectum,
1967 2090 2001 2122 in
2025 2100 2132 2132 quan·

661 2156 733 2182 tum
758 2151 854 2182 Deus
879 2155 931 2181 est
963 2148 1183 2191 glorificator,
1210 2154 1419 2180 restaurator
1453 2148 1505 2179 vel
1542 2148 1731 2189 suppletor,
1766 2150 1768 2185 l
1801 2154 1940 2180 constat
1964 2148 2059 2190 quod
2084 2147 2131 2179 ibi

662 2208 901 2240 consideratur
919 2207 1013 2239 Deus
1031 2206 1064 2238 in
1083 2212 1248 2248 quantum
1266 2212 1317 2237 est
1335 2215 1441 2237 causa
1459 2205 1613 2237 efficiens
1631 2205 1783 2237 istorum.
1802 2205 1881 2237 Non
1901 2205 1991 2238 enirn
2006 2205 2130 2237 dicitur

662 2270 871 2298 restaurator
902 2265 954 2297 vel
986 2264 1166 2306 suppletor
1205 2263 1403 2295 defectuum
1441 2262 1616 2294 rationalis
1649 2269 1802 2302 naturae,
1836 2263 1901 2295 nisi
1937 2263 2129 2296 secundum

660 2323 828 2355 rationem
853 2333 980 2355 causae
998 2321 1186 2354 efficientis.
1215 2320 1308 2353 Licet
1333 2320 1433 2352 etiam
1461 2326 1580 2362 posset
1604 2320 1672 2352 dici
1696 2320 1910 2363 glorificator
1934 2320 2130 2362 dupliciter,

662 2380 791 2413 scilicet
808 2380 843 2412 in
868 2379 1000 2412 ratione
1025 2389 1153 2411 causae
1178 2378 1289 2409 finalis
1315 2383 1347 2410 et
1372 2378 1575 2416 obiecfivae,
1601 2379 1795 2410 secundum
1825 2379 1921 2420 quod
1949 2378 2129 2410 beatitudo

750 2524 757 2537 ¹
771 2526 816 2548 est
829 2521 934 2548 tradita
948 2537 981 2540 —
996 2522 1092 2555 quem]
1107 2529 1160 2546 om.
1175 2520 1205 2546 P.
1220 2536 1252 2539 —
1267 2520 1277 2535 ‘³
1290 2524 1334 2546 est
1349 2520 1377 2546 P.
1393 2535 1425 2538 —
1439 2520 1450 2534 ³
1463 2528 1517 2546 om.
1530 2520 1559 2546 P.
1574 2536 1606 2538 —
1622 2521 1630 2535 “
1646 2519 1805 2546 secundum
1820 2535 1853 2538 —
1865 2518 1970 2552 fidelis]
1985 2527 2039 2545 om.
2053 2519 2083 2545 P.
2095 2535 2128 2538 —

661 2567 670 2580 ·'·
684 2575 737 2591 om.
752 2566 782 2591 P.
797 2581 829 2584 —
845 2565 855 2579 '³
868 2565 913 2591 vel
929 2568 1059 2590 naturam
1075 2573 1129 2590 om.
1145 2564 1174 2589 P.

748 2691 786 2723 (1)
800 2690 833 2715 V.
849 2698 876 2723 g
890 2688 1064 2723 Aegidius
1088 2688 1275 2719 Romanus,
1299 2687 1462 2720 ISentent.‚
1476 2687 1548 2721 prol.
1561 2687 1581 2719 1,
1595 2696 1663 2722 pars
1679 2689 1702 2719 1,
1715 2687 1815 2721 princ.,
1830 2695 1856 2721 q.
1873 2689 1885 2713 1
1898 2695 1904 2719 3
1921 2686 1980 2713 Cir.
1995 2686 2126 2714 eiusdem

659 2739 801 2772 Quaestio
819 2739 854 2764 de
872 2737 1000 2763 subiecto
1018 2737 1183 2771 theologiae
1197 2736 1347 2768 {Venetiiffl
1368 2737 1456 2768 1504).
