2493 3458
666 432 715 456 100
1027 430 1216 456 MAfflSTRi
1247 429 1464 455 (joni-:FRlDl
1496 429 1545 455 DE
1576 428 1771 455 FONTIBUS

665 531 742 552 esse
767 531 888 562 purum
919 530 989 551 non
1015 519 1265 562 participatum.
1292 519 1328 551 In
1354 519 1446 551 omni
1481 529 1565 560 ergo
1590 530 1625 550 re
1661 518 1733 550 sive
1767 518 1932 561 simplicis
1963 518 2136 551 essentiae

664 578 735 610 sive
761 577 1002 620 compositae¹
1038 583 1174 609 creatae
1207 577 1268 608 erit
1302 576 1510 619 compositio
1536 576 1636 609 realis
1673 576 1844 609 essentiae
1877 582 1910 609 et
1942 586 2020 609 esse
2045 576 2134 609 sicut

663 636 782 668 volunt
807 635 910 677 aliqui
936 641 1076 677 propter
1101 635 1183 666 istas
1208 634 1368 666 rationes.

753 750 823 782 Sed
849 749 921 781 istis
947 749 1137 781 rationibus
1169 760 1241 781 non
1272 748 1493 781 obstantibus
1521 754 1579 780 aut
1604 748 1679 780 aliis
1713 748 1990 791 quibuscumque
2021 748 2135 781 verius

663 808 798 839 videtur
822 807 1008 839 dicendum
1033 807 1127 848 quod
1152 807 1303 839 essentia
1331 812 1363 839 et
1393 817 1471 839 esse
1496 806 1631 838 realiter
1655 817 1725 838 non
1757 806 1929 839 differunt.
1954 806 2011 838 Ad
2035 806 2135 839 cuius

663 865 923 908 intelligentiam
962 864 1073 906 primo
1110 865 1356 897 declarandum
1387 870 1439 897 est
1475 864 1569 906 quod
1602 870 1696 896 extra
1732 864 1940 896 intellectum
1973 863 2007 896 in
2031 865 2135 896 rebus

663 935 733 955 non
760 929 811 955 est
845 922 972 964 aliquid
1006 923 1100 964 quod
1125 922 1167 954 sit
1193 933 1255 954 ens
1272 922 1282 939 ²
1318 922 1429 964 ipsum
1462 922 1535 954 sive
1561 932 1638 954 esse
1655 921 1666 938 ³
1700 922 1853 954 existens
1878 932 1941 954 ens
1977 922 2029 954 vel
2057 932 2135 954 esse

663 981 785 1020 solum,
823 980 920 1012 cuius
956 980 1041 1012 ratio
1078 980 1121 1012 sit
1157 980 1242 1012 ratio
1274 980 1534 1018 essendi-sola,
1572 980 1705 1021 absque
1739 979 1958 1022 appositione
1990 979 2135 1012 alicuius

663 1038 876 1081 particularis
905 1044 937 1070 et
971 1038 1219 1070 determinatae
1246 1037 1412 1069 rationis⁴
1442 1037 1592 1076 essendi,
1618 1048 1685 1079 qua
1711 1048 1773 1069 ens
1803 1037 2002 1079 intelligitur
2025 1038 2136 1070 deter-

663 1096 827 1128 minatum
854 1102 886 1128 et
911 1096 1134 1138 specificum3
1171 1102 1204 1127 et
1229 1096 1297 1127 hoc
1321 1095 1557 1127 universaliter
1581 1101 1648 1127 tam
1686 1095 1719 1127 in
1752 1105 1858 1127 causa
1893 1095 2001 1137 prima
2032 1106 2134 1137 quarn

663 1154 696 1186 in
722 1154 815 1186 omni
840 1162 966 1186 creato.
995 1174 1033 1176 —
1060 1154 1226 1186 Secundo
1252 1154 1498 1185 declarandum
1524 1159 1574 1185 est
1600 1153 1695 1194 quod
1721 1164 1798 1185 esse
1827 1164 1897 1184 non
1927 1159 1978 1185 est
2007 1153 2135 1196 aliquid

663 1223 769 1244 unum
795 1212 987 1244 secundum
1013 1211 1180 1243 rationein
1207 1211 1259 1243 vel
1294 1211 1503 1243 intellectum
1541 1211 1573 1242 in
1605 1210 1778 1249 omnibus,
1810 1211 1872 1243 sed
1897 1211 1993 1252 quod
2024 1216 2077 1243 est
2101 1210 2135 1243 in

663 1269 807 1302 diversis
846 1269 1018 1301 diversum
1052 1270 1244 1301 secundum
1282 1280 1351 1300 rem
1384 1275 1416 1300 et
1449 1280 1586 1300 nomen.
1629 1288 1651 1290 *—
1682 1268 1721 1300 lit
1755 1274 2011 1310 consequenter
2034 1267 2135 1301 tertio

663 1328 910 1359 declarandum
939 1333 991 1358 est
1026 1327 1119 1368 quod
1156 1338 1233 1358 esse
1267 1326 1349 1359 dicit
1375 1326 1464 1358 idem
1494 1337 1529 1358 re
1554 1326 1648 1367 quod
1674 1325 1825 1358 essentia
1850 1326 1902 1358 vel
1928 1337 2000 1358 ens.
2028 1345 2066 1349 ψ
2093 1325 2135 1358 Et

662 1385 803 1417 ulterius
828 1391 1085 1426 consequenter
1109 1391 1142 1416 et
1174 1390 1296 1426 quarto
1323 1384 1570 1416 declarandum
1605 1389 1657 1416 est
1690 1384 1784 1425 quod
1821 1384 1952 1416 ratione
1985 1384 2135 1426 produc-

663 1442 764 1475 tionis
796 1443 842 1474 rei
869 1454 928 1485 per
953 1453 1055 1484 quam
1082 1442 1156 1484 ipsa
1181 1454 1235 1474 res
1260 1448 1374 1484 potest
1412 1441 1566 1484 recipere
1582 1441 1593 1457 ⁶
1617 1452 1704 1480 esse,
1741 1452 1812 1473 non
1841 1447 1979 1484 oportet
2003 1453 2134 1484 ponere

662 1500 949 1543 compositionem
976 1500 1083 1543 ipsius
1109 1512 1186 1532 esse
1202 1500 1214 1515 ⁰
1237 1500 1280 1531 ad
1307 1511 1376 1532 rem
1402 1499 1498 1531 sive⁷
1523 1499 1707 1532 essentiam
1734 1499 1780 1532 rei
1813 1499 1902 1532 sicut
1927 1499 2133 1542 quibusdam

662 1558 796 1591 videtur
828 1564 988 1600 oportere
1023 1558 1147 1590 dicere.
1184 1559 1269 1590 Nam
1303 1558 1346 1589 ad
1380 1558 1471 1589 hanc
1506 1557 1674 1589 rationem
1717 1564 1864 1600 possunt
1903 1558 1975 1590 fere
2011 1568 2134 1590 omnes

662 1616 813 1648 rationes
854 1615 972 1648 reduci
1009 1615 1135 1657 quibus
1171 1617 1337 1658 probatur
1372 1615 1552 1647 diversitas
1599 1614 1708 1657 ipsius
1741 1626 1820 1647 esse
1864 1615 1908 1647 ad
1946 1615 2132 1648 essentiam

660 1675 853 1707 secundum
883 1685 953 1706 rem
983 1675 1123 1715 aut[em]
1154 1684 1215 1715 per
1246 1673 1483 1710 intentionem,
1520 1679 1552 1705 et
1585 1673 1794 1705 necessitate
1827 1672 1957 1704 huius*
1991 1673 2134 1705 rationis

661 1738 776 1764 amota
804 1731 964 1764 videntur
989 1731 1131 1763 dissolvi
1160 1742 1283 1763 omnes
1312 1730 1399 1763 aliae
1427 1730 1607 1763 rationes⁹
1631 1741 1693 1773 pro
1722 1730 1777 1762 illa
1802 1737 1898 1773 parte
1927 1737 1985 1763 aut
2012 1731 2133 1764 saltem

661 1789 879 1822 difficiliores

750 1901 899 1933 Primum
936 1901 1038 1944 igitur
1073 1901 1195 1932 horum
1231 1900 1450 1932 articulorum
1482 1900 1532 1932 sic
1568 1900 1770 1932 declaratur.
1809 1901 1897 1932 Cum
1931 1900 2021 1932 enim
2047 1901 2134 1933 ratio

661 1959 801 1992 essendi
826 1959 1020 1991 secundum
1044 1969 1081 1990 se
1108 1959 1182 1990 sola
1200 1958 1367 2000 accipitur
1391 1957 1480 1990 sicut
1498 1958 1521 1974 ¹⁰
1545 1957 1631 1989 ratio
1649 1957 1853 1989 universalis
1870 1957 1942 1990 sive
1963 1958 2051 1990 entis
2068 1959 2134 1990 sub

660 2017 792 2049 ratione
811 2016 995 2048 universali
1013 2022 1046 2048 et
1063 2016 1193 2047 nullum
1213 2015 1456 2047 universalium
1475 2015 1528 2047 vel
1545 2015 1567 2032 ¹¹
1581 2015 1901 2047 matbematicorum
1919 2016 1972 2048 vel
1989 2015 2132 2048 aliorum

660 2075 786 2106 habeat
821 2085 899 2106 esse
943 2074 1140 2106 absolutum
1176 2084 1238 2115 per
1280 2084 1318 2105 se
1354 2073 1505 2105 existens
1546 2072 1635 2105 sicut
1674 2073 1846 2105 abstracte
1879 2073 2041 2106 dicuntur
2079 2074 2133 2106 vel

660 2132 906 2175 intelliguntur,
936 2133 1042 2163 multo
1071 2131 1182 2174 magis
1221 2132 1289 2163 hoc
1313 2137 1365 2163 est
1400 2130 1635 2163 necessarium
1665 2130 1699 2162 in
1728 2130 1838 2174 magis
1879 2131 2132 2163 universalibus

661 2195 693 2222 et
719 2190 973 2228 communibus,
1003 2189 1196 2221 cuiusmodi
1226 2194 1305 2220 sunt
1339 2199 1412 2227 ens,
1441 2189 1583 2227 bonum,
1613 2199 1718 2220 unum
1745 2195 1777 2220 et
1806 2188 2016 2220 huiusmodi.
2043 2189 2130 2230 [sed]

660 2247 862 2280 Universale
895 2247 984 2279 enim
1019 2253 1070 2279 est
1099 2246 1261 2278 condicio
1294 2246 1486 2278 intellectus
1519 2246 1569 2278 sic
1600 2246 1823 2289 intelligentis
1852 2252 1885 2278 et
1913 2257 1984 2279 non
2009 2246 2057 2278 rei
2082 2246 2133 2278 sic

660 2305 848 2344 existentis,
877 2316 955 2337 cum
994 2305 1188 2337 universale
1225 2315 1294 2336 non
1331 2304 1374 2336 sit
1406 2304 1503 2336 tertia
1537 2310 1658 2335 natura
1687 2315 1706 2335 a
1738 2303 1894 2346 partibus
1926 2305 1970 2336 de
2005 2303 2132 2346 quibus

659 2363 888 2405 praedicatur,
914 2364 975 2395 sed
1001 2363 1035 2394 in
1061 2363 1213 2395 essendo
1239 2368 1290 2394 est
1315 2362 1457 2394 alterum
1485 2373 1603 2393 eorum
1629 2361 1902 2394 indeterminate.
1929 2362 2131 2395 Secundum

658 2423 727 2453 hoc
753 2421 853 2453 etiam
873 2420 896 2437 ¹2
921 2421 1036 2453 onmia
1070 2420 1161 2452 entia
1191 2426 1308 2451 essent
1335 2419 1469 2451 realiter
1497 2419 1579 2451 illud
1609 2420 1703 2461 quod
1728 2419 1762 2451 in
1791 2430 1826 2451 re
1851 2425 1944 2451 esset
1972 2430 2050 2452 esse
2077 2420 2131 2452 vel

660 2490 721 2511 ens
746 2480 869 2518 solum,
902 2490 980 2511 cum
1012 2479 1055 2510 ab
1088 2484 1167 2510 ente
1199 2477 1280 2509 nihil
1315 2477 1424 2520 possit
1455 2488 1533 2509 esse
1565 2477 1764 2516 diversum3
1796 2483 1830 2509 et
1863 2477 1913 2510 sic
1937 2477 2131 2510 seeundum

749 2641 919 2676 ιροῖθηῖίτιθ
940 2641 969 2667 Ρ.
986 2657 1018 2660 —
1039 2641 1049 2656 Ξ
1063 2650 1117 2666 om.
1138 2641 1168 2666 P.
1189 2656 1221 2659 —-—
1242 2641 1252 2655 ³
1266 2649 1320 2666 om.
1336 2640 1366 2665 Ρ.
1381 2656 1413 2659 -
1435 2641 1443 2656 ⁴
1462 2641 1573 2666 ratione
1594 2640 1624 2666 P.
1646 2656 1678 2659 —
1699 2641 1709 2655 ³
1723 2640 1885 2675 producere
1905 2640 1936 2666 P.
1956 2656 1989 2660 —
2009 2640 2020 2656 ⁸
2038 2639 2131 2675 ipsius

659 2687 733 2719 esse]
755 2686 816 2711 eius
837 2686 866 2711 P.
887 2701 919 2704 —
942 2685 950 2699 ³
969 2685 1007 2710 ad
1026 2685 1094 2710 add.
1110 2684 1139 2710 P.
1161 2700 1191 2702 —
1214 2685 1223 2699 δ’
1236 2683 1401 2709 huiusmodi
1422 2684 1452 2710 P.
1477 2700 1504 2702 —
1526 2686 1536 2698 ⁴³
1549 2684 1624 2710 aliae
1644 2683 1782 2719 rationes]
1803 2683 1932 2711 rationes
1951 2684 2026 2710 aliae
2045 2683 2076 2711 P.
2097 2699 2131 2704 -

660 2732 680 2745 ¹⁰
693 2730 755 2756 sive
771 2730 799 2755 in
816 2737 912 2764 marg.
925 2729 954 2754 P.
970 2744 1001 2747 -
1019 2729 1036 2743 ¹¹
1050 2728 1112 2753 sive
1127 2728 1156 2753 P.
1172 2743 1204 2746 —-
1222 2728 1241 2742 ¹⁹
1254 2727 1330 2753 enim
1345 2727 1374 2754 P.
