2493 3458
748 449 922 476 TERTIUM
951 449 1247 483 QUODLIBETUM,
1277 450 1311 484 Q.
1342 450 1353 476 1
1738 453 1785 478 175

316 549 404 580 quae
439 549 505 570 nec
541 543 593 570 est
627 539 661 570 in
698 549 735 570 se
770 549 824 570 res
861 538 974 580 aliqua
1014 538 1201 570 formaliter
1239 550 1305 571 nec
1350 539 1383 571 in
1420 551 1482 571 sua
1522 551 1627 572 causa
1663 541 1785 573 virtua-

315 596 398 628 liter.
447 596 483 628 Si
527 596 617 628 enim
659 605 737 628 esse
781 607 851 627 non
893 595 1006 627 differt
1048 597 1091 627 ab
1131 596 1281 628 essentia
1327 597 1392 628 nisi
1431 598 1505 629 sola
1545 598 1676 630 ratione
1712 599 1784 630 sive

315 654 419 685 modo
455 653 632 696 intelligen
677 654 680 695 Ι
724 653 758 685 di
794 659 827 685 et
863 653 1092 696 significandi,
1119 659 1155 685 ut
1193 654 1327 686 videtur
1366 656 1560 687 secundum
1596 656 1783 697 praedicta,

315 717 409 754 patet
434 713 502 743 hoc
527 712 570 743 de
595 722 642 743 se.

401 826 476 858 Nec
500 825 625 857 sufficit
642 825 756 857 dicere
779 826 873 867 quod
892 825 1019 867 aliquid
1045 825 1178 857 dicatur
1196 837 1273 857 esse
1291 827 1485 858 secundum
1511 838 1588 859 6556
1614 829 1786 860 essentiae

313 884 506 916 secundum
534 883 568 914 id
597 883 690 924 quod
717 888 768 915 est
794 884 986 915 secundum
1017 894 1054 915 se
1079 883 1253 924 quidditas
1279 889 1311 915 et
1340 884 1491 916 essentia
1515 885 1787 927 praedicamenti

312 941 513 973 indifferens
540 942 584 973 ad
613 941 758 972 existere
787 946 819 972 et
848 952 918 972 non
948 941 1103 979 existere,
1136 947 1168 973 et
1203 941 1336 973 dicatur
1364 953 1442 974 esse
1478 944 1671 974 secundum
1709 954 1786 976 esse

313 999 514 1031 existentiae
539 1009 601 1040 per
625 998 918 1040 comparationem
944 999 987 1030 ad
1017 1009 1157 1030 causam
1186 1004 1347 1042 agentem
1373 1005 1409 1031 ut
1434 1000 1611 1032 actualiter
1636 1006 1687 1033 est
1713 1001 1786 1033 eius

313 1057 457 1089 effectus
494 1062 527 1088 et
559 1062 595 1088 ut
630 1057 672 1087 ab
705 1056 781 1098 ipsa
817 1056 1081 1087 determinatum
1103 1056 1111 1073 ¹
1137 1062 1188 1088 est
1227 1057 1271 1088 ad
1308 1068 1406 1094 esse3
1443 1063 1475 1089 et
1511 1059 1604 1099 quod
1641 1070 1683 1090 ex
1717 1060 1786 1091 hoc

313 1114 483 1157 contingit
507 1113 622 1155 aliqua
647 1113 853 1155 compositio
878 1113 911 1145 in
937 1119 1095 1145 creatura
1120 1125 1161 1146 ex
1187 1125 1264 1146 esse
1290 1120 1321 1146 et
1347 1115 1499 1147 essentia
1525 1121 1557 1147 et
1581 1127 1741 1148 recessus
1767 1128 1787 1148 a

312 1171 529 1214 simplicitate
554 1171 674 1213 primi;
701 1178 733 1203 et
762 1172 856 1212 quod
885 1171 1037 1203 essentia
1061 1183 1132 1203 non
1151 1178 1203 1203 est
1228 1183 1326 1204 suum
1357 1183 1434 1204 esse
1456 1178 1488 1205 et
1512 1173 1728 1213 huiusmodi3
1754 1180 1786 1206 et

312 1229 406 1271 quod
431 1230 593 1261 differunt
619 1229 769 1261 essentia
795 1234 828 1261 et
856 1239 935 1261 esse
960 1240 1031 1261 non
1055 1240 1102 1268 re,
1120 1230 1183 1261 sed
1208 1229 1400 1262 intentione
1426 1231 1514 1263 sicut
1538 1231 1640 1263 etiam
1665 1232 1785 1264 relatio

312 1293 345 1319 et
376 1288 640 1319 fundamentum
677 1298 788 1325 suum,
819 1297 897 1319 cum
937 1298 1015 1319 esse
1049 1287 1141 1319 dicat
1180 1294 1375 1330 respectum
1416 1294 1595 1321 creaturae
1631 1295 1667 1321 ut
1709 1290 1787 1322 est²

313 1345 456 1377 effectus
482 1344 515 1376 in
545 1350 624 1376 actu
649 1345 693 1376 ad
718 1345 831 1376 Deum
856 1350 892 1376 ut
921 1345 964 1376 ad
992 1355 1090 1376 suam
1124 1356 1275 1385 causam,
1294 1351 1327 1377 et
1355 1346 1431 1388 ipsa
1460 1347 1610 1379 essentia
1636 1338 1727 1379 dicat
1751 1348 1786 1380 id

309 1403 402 1444 quod
439 1408 491 1434 est
521 1413 586 1440 res,
612 1402 838 1444 quidditatem
863 1403 1056 1434 secundum
1082 1414 1119 1435 se
1144 1403 1265 1445 ipsam,
1292 1409 1325 1435 et
1358 1405 1552 1436 secundum
1590 1406 1658 1437 hoc
1683 1406 1785 1438 etiam

311 1466 364 1492 est
380 1472 434 1493 res
452 1466 587 1502 praeter
607 1460 805 1491 huiusmodi
823 1466 1030 1502 respectum,
1046 1460 1095 1492 sic
1114 1461 1215 1493 etiam
1232 1461 1243 1477 ³
1260 1462 1353 1503 quod
1371 1463 1559 1494 secundnm
1578 1464 1613 1494 id
1629 1464 1718 1505 quod
1735 1470 1787 1496 est

311 1519 503 1551 secundum
522 1529 560 1550 se
585 1517 812 1550 essentialiter
837 1523 868 1550 et
894 1518 1128 1559 quidditative,
1153 1530 1224 1550 non
1251 1519 1418 1552 existente
1443 1531 1479 1552 re
1503 1526 1642 1553 carente
1671 1521 1786 1553 huius-

311 1576 405 1608 modi
422 1581 594 1618 respectu,
619 1575 695 1618 ipsa
720 1581 771 1607 est
801 1586 863 1608 ens
888 1576 979 1608 reale
1003 1577 1197 1608 secundum
1215 1577 1414 1609 huiusmodi
1440 1589 1517 1610 esse
1542 1579 1726 1619 essentiae,
1745 1599 1786 1603 —

312 1639 345 1666 et
360 1635 448 1666 haec
463 1633 484 1673 ⁴,
509 1633 660 1675 inquam,
686 1644 758 1665 non
780 1633 905 1665 sufficit
930 1633 1055 1673 dicere,
1074 1635 1136 1666 sed
1164 1634 1412 1667 insufficienter
1427 1635 1437 1652 ⁵
1461 1641 1542 1668 sunt
1575 1637 1675 1676 dicta,
1703 1648 1786 1679 quo-

310 1692 402 1724 niam
419 1703 481 1734 per
497 1697 695 1734 respectum
712 1702 783 1723 non
800 1692 906 1723 habet
926 1702 981 1723 res
1000 1702 1077 1724 esse
1095 1692 1294 1734 simpliciter
1309 1692 1320 1709 ‘³
1337 1699 1370 1725 et
1384 1694 1552 1734 absolute,
1571 1695 1633 1726 sed
1654 1701 1787 1727 tantum

311 1750 354 1782 ad
379 1749 471 1781 aliud
494 1760 581 1788 esse,
600 1760 666 1781 nec
691 1749 847 1791 operatio
865 1749 1010 1781 alicuius
1027 1749 1161 1793 agentis
1186 1750 1387 1782 terminatur
1411 1762 1472 1793 per
1488 1763 1526 1784 56
1552 1753 1595 1784 ad
1613 1753 1761 1795 aliquem
1777 1753 1788 1770 ⁷

310 1813 508 1850 respectum
532 1808 586 1839 vel
615 1807 659 1839 ad
688 1807 817 1848 aliquid
845 1807 1078 1849 respectivum
1098 1807 1118 1839 Β.
1152 1808 1319 1850 Operatio
1345 1815 1459 1841 autem
1486 1810 1650 1842 creatoris
1674 1811 1786 1843 termi-

310 1871 411 1898 natur
447 1866 490 1897 ad
527 1875 604 1897 esse
640 1870 829 1904 creaturae,
863 1870 896 1897 et
928 1865 1039 1897 omnis
1083 1865 1202 1898 relatio
1238 1866 1269 1897 in
1308 1878 1372 1898 suo
1410 1878 1487 1899 esse
1534 1869 1787 1911 praesupponit

309 1923 509 1955 naturaliter
548 1933 625 1955 esse
658 1923 711 1955 sui
740 1923 965 1962 fundamenti,
992 1929 1025 1955 et
1057 1923 1133 1955 sic⁰
1167 1930 1304 1966 oportet
1335 1925 1563 1969 praeintelligi
1600 1927 1786 1959 essentiam

310 1992 388 2014 esse
421 1986 606 2023 antequam
649 1981 858 2024 intelligatur
897 1981 1018 2023 aliquis
1063 1987 1243 2023 respectus
1277 1982 1350 2014 eius
1390 1984 1433 2014 ad
1472 1994 1550 2015 esse
1590 1989 1623 2016 et
1663 1990 1785 2017 cetera.

310 2040 451 2071 Praeter
475 2049 558 2082 ergo
583 2038 783 2070 huiusmodi
808 2043 1004 2080 respectum
1023 2050 1092 2080 quo
1118 2040 1269 2072 essentia
1295 2041 1445 2073 existens
1470 2041 1593 2073 dicitur
1611 2043 1788 2075 actualiter

310 2097 354 2129 ad
379 2108 477 2129 suam
506 2107 658 2136 causam,
685 2102 822 2139 oportet
846 2097 880 2128 in
906 2107 947 2128 ea
968 2096 991 2113 ¹⁰
1016 2108 1094 2129 esse
1117 2097 1218 2129 etiam
1243 2097 1387 2141 intelligi
1411 2099 1540 2140 aliquid
1566 2110 1634 2141 quo
1663 2101 1786 2132 forma-

309 2154 384 2187 liter
419 2154 665 2187 determinetur
689 2155 733 2186 ad
759 2165 837 2186 esse
862 2154 1061 2197 simpliciter
1086 2161 1118 2187 et
1147 2156 1314 2188 absolute.
1341 2156 1383 2187 Et
1408 2156 1458 2188 sic
1486 2157 1621 2189 videtur
1645 2158 1786 2190 omnino

311 2223 388 2245 esse
414 2213 601 2244 dicendum
622 2213 717 2254 quod
742 2223 820 2244 esse
838 2212 1039 2244 existentiae
1068 2224 1139 2244 non
1176 2213 1218 2244 sit
1246 2219 1283 2245 ut
1314 2214 1436 2256 aliquis
1470 2221 1650 2257 respectus
1686 2217 1786 2248 realis

310 2270 475 2302 fundatus
503 2269 537 2301 in
561 2270 712 2302 essentia
739 2270 832 2302 dicto
858 2271 963 2302 modo
988 2271 1278 2312 compositionem
1307 2271 1440 2304 faciens
1469 2283 1547 2304 cum
1573 2274 1725 2305 essentia
1754 2280 1787 2306 et

310 2328 404 2370 quod
429 2328 472 2359 ab
502 2339 543 2360 ea
566 2327 678 2370 potuit
701 2328 855 2369 separari
873 2328 948 2370 ipsa
973 2328 1135 2367 essentia,
1154 2329 1188 2360 id
1214 2329 1308 2370 quod
1334 2335 1386 2361 est
1410 2330 1546 2362 realiter
1571 2331 1604 2362 in
1627 2342 1691 2363 suo
1709 2343 1787 2364 esse

311 2385 483 2418 essentiae
501 2387 634 2427 absque
647 2385 845 2417 huiusmodi
864 2396 941 2417 esse
960 2386 1161 2418 existentiae
1178 2389 1548 2420 remanente—Immo
1561 2389 1583 2406 ¹¹
1601 2389 1787 2422 dicendum

310 2448 362 2475 est
398 2444 492 2485 quod
517 2449 673 2476 creatura
702 2454 773 2475 non
799 2443 842 2475 sit
866 2443 1005 2485 aliquod
1032 2454 1094 2475 ens
1126 2445 1217 2476 reale
1250 2445 1382 2477 ratione
1407 2456 1492 2478 suae
1517 2447 1690 2479 essentiae
1715 2448 1787 2480 sive

310 2506 476 2543 quantum
512 2502 556 2533 ad
592 2512 670 2533 esse
706 2501 888 2540 essentiae,
925 2511 1003 2533 curn
1036 2501 1111 2544 ipsa
1141 2513 1213 2534 non
1246 2508 1298 2534 est
1330 2503 1470 2545 aliquod
1500 2515 1562 2536 ens
1599 2505 1690 2537 reale
1724 2506 1787 2538 sed

400 2656 616 2683 ¹determinata
637 2657 666 2682 P.
688 2673 719 2675 —
741 2657 792 2683 ‘²in
812 2657 880 2683 add.
901 2658 933 2683 V.
954 2673 986 2676 —
1016 2658 1026 2672 ³
1040 2657 1080 2684 sic
1102 2657 1198 2692 etiarn]
1220 2658 1295 2684 sicut
1315 2659 1390 2685 enim
1412 2659 1442 2685 Ρ.
1463 2675 1495 2678 —
1517 2661 1525 2675 ⁴
1539 2660 1567 2686 in
1587 2661 1642 2686 hoc
1663 2661 1730 2687 add.
1756 2661 1786 2689 P.

310 2716 343 2719 —
357 2701 367 2716 ⁵
380 2699 560 2727 sufficienter
574 2701 604 2726 P.
616 2717 648 2720 —
663 2701 673 2715 ⁶
687 2709 751 2727 esse
766 2700 946 2736 simpliciter]
962 2700 1133 2736 simpliciter
1147 2710 1212 2728 esse
1227 2702 1257 2728 P.
1270 2718 1302 2721 —
1317 2703 1324 2717 ³
1339 2702 1408 2737 quid
1422 2703 1452 2729 Ρ.
1464 2719 1496 2722 —
1509 2704 1518 2719 ³
1532 2708 1697 2740 respectum
1712 2705 1742 2733 Ρ,
1755 2721 1787 2724 —

310 2744 320 2759 ⁹
334 2752 388 2770 om.
409 2744 440 2770 P.
463 2760 494 2763 —
516 2744 536 2759 ¹⁰
550 2752 639 2770 causa
659 2744 688 2770 P.
710 2760 742 2763 —
765 2746 783 2760 ¹¹
798 2744 865 2771 ideo
886 2745 916 2772 P.

1845 635 1908 661 cod.
1921 636 1946 661 V

1809 670 1859 697 fol.
1873 672 1925 697 ‘274
1940 671 1979 698 Ra
