2493 3458
662 413 710 439 182
1025 410 1215 439 MAGISTRI
1245 410 1463 439 GODEFRIDI
1493 410 1544 437 DE
1573 409 1770 438 FONTIBUS

660 508 693 535 et
721 503 764 534 (le
793 503 923 535 ratione
955 504 1085 535 formae
1118 507 1169 534 est
1202 507 1309 540 actus,
1343 511 1421 534 esse
1450 500 1529 532 illud
1560 500 1593 531 in
1619 510 1688 541 quo
1715 499 1886 531 invenitur
1910 499 2063 542 potentia
2089 499 2133 531 ad

661 560 807 601 aliquem
849 567 963 593 actum
1008 561 1113 592 habet
1153 560 1320 591 rationem
1371 558 1543 590 materiae.
1585 558 1672 589 Cum
1714 568 1798 598 ergo
1838 568 1941 589 omne
1981 563 2131 589 creatum

661 619 829 650 recedens
866 619 908 650 ab
941 618 1138 650 actualitate
1178 616 1432 659 simplicissima
1466 615 1563 657 primi
1597 615 1639 646 sit
1671 615 1703 646 in
1736 615 1890 657 potentia
1925 615 1969 646 ad
2001 614 2133 656 aliquas

661 676 893 718 perfectiones
919 682 952 708 et
980 675 1212 717 operatione-3,
1242 675 1314 706 sive
1343 674 1376 705 in
1406 674 1498 705 omni
1526 679 1643 704 creato
1661 678 1711 704 est
1739 672 1892 714 potentia
1916 673 1959 704 ad
1985 672 2133 714 aliquem

660 739 773 766 actum
815 739 847 765 et
887 733 1147 775 perfectionem,
1183 738 1319 774 oportet
1355 742 1484 774 ponere
1525 731 1558 762 in
1595 730 1688 762 omni
1725 736 1841 762 creato
1877 730 1992 771 aliquo
2028 730 2133 762 modo

662 791 856 829 materiam3
883 799 915 823 et
933 791 1125 823 secundum
1144 789 1375 822 diversitatem
1394 795 1531 821 actuum
1551 794 1583 820 et
1609 788 1859 830 perfectionum
1878 793 1929 819 est
1953 787 2134 819 diversitas

661 849 892 891 potentiarum
929 848 1002 880 sive
1032 848 1258 880 materiarum.
1294 848 1382 879 Cum
1417 846 1507 878 enim
1540 845 1582 877 sit
1614 845 1753 887 quidam
1787 852 1885 877 actus
1918 845 1990 876 sive
2026 845 2134 876 forma

627 912 633 916 “
661 906 868 948 simpliciter,
902 906 1031 938 scilicet
1062 916 1130 947 quo
1164 905 1290 947 aliquid
1324 904 1448 936 dicitur
1480 914 1558 935 esse
1595 903 1803 944 simpliciter,
1841 903 1934 944 quod
1966 909 2018 934 est
2057 913 2135 935 esse

661 963 888 995 substantiam
914 963 985 996 sive
1011 963 1044 994 in
1070 973 1198 1005 genere
1224 962 1448 999 substantiae,
1475 967 1507 993 et
1532 967 1583 993 est
1609 961 1694 992 alius
1720 966 1817 992 actus
1842 961 2034 992 secundum
2053 959 2135 1001 quid

661 1032 730 1063 quo
771 1021 902 1053 scilicet
942 1021 1069 1062 aliquid
1110 1032 1180 1053 non
1217 1020 1341 1052 dicitur
1376 1030 1453 1051 esse
1494 1018 1703 1060 simpliciter,
1735 1018 1796 1050 sed
1837 1029 1915 1050 esse
1951 1018 2051 1059 quale
2082 1018 2135 1049 vel

662 1079 882 1116 huiusmodi;
902 1098 939 1102 —-
966 1079 1159 1110 secundum
1185 1079 1253 1109 hoc
1271 1077 1371 1109 etiam
1395 1083 1447 1109 est
1472 1076 1625 1119 potentia
1644 1075 1843 1118 simpliciter
1867 1076 1995 1107 nullum
2022 1081 2135 1107 actum

662 1137 805 1174 liabens,
839 1147 927 1177 quae
967 1142 1019 1167 est
1052 1135 1205 1177 potentia
1239 1136 1282 1166 ad
1316 1145 1394 1167 esse
1426 1134 1626 1176 simpliciter
1666 1140 1699 1166 et
1735 1135 1802 1166 hoc
1843 1133 1981 1175 proprie
2014 1132 2137 1164 dicitur

663 1193 803 1226 materia
828 1193 936 1235 prima
968 1193 1041 1225 sive
1073 1193 1151 1235 hyle
1184 1198 1216 1224 et
1249 1192 1373 1224 (licitur
1397 1192 1601 1229 subiectum,
1628 1198 1660 1224 et
1693 1198 1745 1223 est
1776 1190 1930 1233 potentia
1963 1201 2033 1222 non
2059 1189 2137 1222 sim-

662 1251 795 1293 pliciter
830 1251 891 1282 sed
924 1251 1116 1283 secundum
1150 1250 1242 1292 quid,
1269 1256 1382 1282 actum
1416 1250 1563 1291 aliquem
1597 1250 1742 1286 liabens,
1775 1255 1807 1280 et
1840 1248 1872 1280 in
1907 1247 2062 1290 potentia
2093 1247 2136 1279 ad

662 1308 808 1350 aliquem
835 1314 948 1340 actum
974 1308 1136 1346 existens,
1163 1314 1195 1340 et
1213 1309 1281 1339 hoc
1299 1319 1368 1339 non
1396 1307 1519 1339 (licitur
1538 1307 1675 1349 proprie
1694 1306 1834 1338 materia
1852 1306 1913 1338 sed
1932 1305 2135 1337 subiectum.

663 1366 755 1407 Quia
786 1377 870 1407 ergo
906 1366 939 1397 in
972 1366 1107 1408 angelis
1140 1371 1191 1398 est
1225 1365 1375 1407 reperire
1407 1372 1505 1396 actus
1531 1364 1777 1402 accidentales,
1811 1369 1947 1395 constat
1978 1363 2071 1404 quod
2102 1362 2137 1394 in

663 1424 797 1467 angelis
839 1429 891 1455 est
930 1423 1094 1466 potentia,
1136 1430 1169 1455 et
1208 1434 1277 1455 non
1319 1423 1451 1454 ratione
1496 1422 1668 1461 materiae,
1709 1421 1790 1463 quia
1829 1421 1903 1463 ipsa
1943 1419 2137 1452 substantia

663 1482 865 1525 angelorum
903 1492 965 1513 ens
999 1481 1031 1512 in
1069 1486 1148 1513 actu
1188 1480 1405 1512 substantiali
1441 1486 1493 1512 est
1529 1480 1722 1512 subiectum
1763 1489 1902 1511 suarum
1943 1477 2063 1510 virium
2104 1483 2137 1510 et

663 1539 894 1581 potentiarum
923 1539 1126 1571 naturalium
1152 1549 1242 1580 quae
1268 1539 1460 1570 secundum
1487 1537 1620 1579 aliquos
1646 1543 1725 1569 sunt
1743 1536 1935 1569 accidentia
1956 1542 1990 1568 et
2014 1546 2076 1578 per
2099 1545 2137 1568 se

662 1597 891 1639 proprietates
927 1596 1131 1629 essentiales
1166 1597 1324 1628 secundo
1358 1596 1461 1627 modo
1487 1595 1626 1627 dicendi
1660 1606 1720 1637 per
1752 1605 1798 1626 se.
1825 1593 1867 1626 Et
1895 1593 2037 1626 ulterius
2061 1592 2137 1635 ipsa

663 1664 741 1686 eum
767 1654 964 1686 huiusmodi
992 1654 1121 1686 viribus
1154 1660 1206 1686 est
1239 1654 1432 1685 subiectum
1462 1653 1702 1695 operationum
1736 1652 1862 1694 quibus
1895 1651 2068 1694 perficitur
2102 1650 2136 1682 in

663 1711 889 1755 intelligendo
928 1718 961 1744 et
997 1712 1157 1744 volendo.
1188 1711 1280 1752 Quia
1315 1711 1416 1743 etiam
1447 1711 1579 1743 caelum
1610 1717 1661 1743 est
1690 1709 1723 1742 in
1753 1709 1908 1752 potentia
1938 1709 1980 1740 ad
2007 1715 2136 1740 motum

663 1770 716 1802 vel
752 1770 795 1801 ad
825 1770 892 1807 ubi,
920 1769 999 1802 ideo
1029 1769 1140 1811 ipsum
1173 1776 1225 1801 est
1250 1770 1422 1811 quaedam
1452 1768 1606 1810 potentia
1642 1768 1694 1799 vel
1728 1767 1904 1809 quoddam
1942 1766 2136 1798 subiectum

663 1834 823 1870 respectu
857 1827 1064 1859 huiusmodi.
1099 1846 1137 1850 —
1171 1827 1242 1859 Sed
1279 1833 1390 1858 utrum
1424 1827 1499 1868 ipsa
1524 1825 1717 1857 substantia
1743 1825 1856 1867 angeli
1883 1835 1971 1866 quae
1999 1824 2050 1856 sic
2085 1830 2138 1855 est

662 1885 855 1918 subiectum
875 1891 907 1917 et
925 1886 1078 1927 potentia
1104 1885 1137 1916 in
1163 1895 1200 1916 se
1218 1885 1291 1926 ipsa
1317 1884 1358 1916 sit
1384 1884 1578 1926 composita
1603 1894 1644 1915 ex
1670 1894 1749 1915 vera
1775 1882 1914 1914 materia
1933 1889 1966 1914 et
1983 1881 2137 1923 potentia

662 1943 889 1981 substantiali,
915 1943 958 1974 de
983 1943 1052 1974 hoc
1077 1948 1128 1974 est
1154 1942 1321 1983 quaestio.

751 2001 794 2032 Et
811 2000 946 2032 videtur
981 2000 1167 2032 dicendum
1201 2000 1295 2041 quod
1332 2010 1413 2035 non,
1449 1999 1612 2040 quoniam
1647 1998 1801 2040 potentia
1836 1998 1878 2029 ad
1909 1996 2136 2028 substantiam

663 2069 752 2099 quae
770 2064 821 2090 est
846 2057 988 2090 omnino
1013 2057 1165 2100 potentia
1192 2063 1224 2089 et
1242 2057 1336 2089 nullo
1362 2057 1466 2089 modo
1492 2063 1590 2088 actus
1608 2057 1660 2088 vel
1685 2056 1833 2097 aliquem
1856 2061 1969 2086 actum
1992 2055 2136 2093 habens,

663 2126 741 2148 cum
766 2126 837 2147 non
866 2116 992 2147 habeat
1021 2115 1113 2147 unde
1139 2114 1394 2147 determinetur.
1409 2120 1461 2146 est
1485 2113 1841 2151 contradictoriorum,
1867 2111 2025 2153 quamvis
2050 2111 2137 2144 acci-

663 2173 776 2205 dentis
812 2173 1005 2205 subiectum
1038 2173 1132 2214 quod
1172 2179 1224 2204 est
1264 2172 1298 2204 in
1338 2178 1416 2204 actu
1457 2172 1649 2204 secundum
1690 2170 1951 2203 determinatam
1992 2169 2137 2201 formam

662 2231 924 2263 substantialem
952 2230 1152 2262 necessario
1181 2230 1224 2261 sit
1249 2230 1512 2262 determinatum
1542 2235 1574 2261 et
1603 2229 1778 2271 proprium
1808 2227 1865 2259 tali
1889 2228 1942 2260 vel
1967 2227 2024 2258 tali
2049 2226 2138 2259 acci-

662 2289 756 2321 denti
782 2294 815 2321 et
839 2299 910 2320 non
928 2288 963 2319 in
980 2288 1136 2330 potentia
1161 2288 1204 2319 ad
1224 2287 1433 2329 oppositum.
1453 2287 1559 2327 Quod
1584 2286 1675 2318 enim
1701 2286 1784 2318 dicit
1802 2296 1921 2327 puram
1947 2284 2136 2327 potentiam

663 2347 707 2378 ad
738 2357 816 2378 esse
841 2346 1041 2388 simpliciter
1065 2346 1160 2387 quod
1186 2351 1238 2377 est
1270 2355 1348 2377 esse
1384 2345 1578 2376 secundum
1612 2344 1761 2384 aliquam
1799 2343 1944 2375 sormam
1977 2342 2137 2374 substan-

662 2404 787 2443 tialem,
816 2414 887 2435 non
924 2403 1067 2435 includit
1096 2402 1224 2444 aliquid
1253 2413 1322 2444 quo
1351 2402 1462 2445 magis
1496 2402 1540 2433 ad
1568 2412 1672 2433 unam
1702 2401 1846 2433 sormam
1875 2399 2136 2432 substantialem

663 2461 909 2494 determinetur
941 2471 1043 2502 quam
1076 2461 1120 2492 ad
1153 2460 1264 2491 aliam.
1298 2460 1384 2491 Nam
1418 2460 1501 2491 illud
1530 2459 1765 2491 determinans
1794 2458 1860 2490 iam
1890 2451 1981 2490 esset
2009 2456 2137 2498 aliquid

663 2520 807 2551 actuale.
835 2519 872 2551 Si
896 2518 987 2550 enim
1015 2523 1107 2550 esset
1134 2528 1220 2560 pure
1249 2517 1447 2559 potentiale,
1472 2517 1564 2548 idem
1590 2522 1683 2548 esset
1699 2515 1863 2548 iudicium
1882 2515 1925 2547 de
1950 2515 2036 2556 ipso.
2062 2514 2137 2546 Nec

663 2582 779 2619 potest
803 2576 871 2608 dici
903 2576 996 2618 quod
1029 2575 1171 2607 materia
1204 2585 1273 2606 una
1298 2576 1341 2606 ab
1366 2574 1432 2606 alia
1464 2574 1686 2617 distinguitur
1717 2584 1755 2606 se
1779 2573 1876 2615 ipsa3
1912 2583 1992 2604 nam
2026 2572 2137 2604 forma

663 2635 774 2666 solum
792 2639 845 2666 est
861 2643 951 2675 quae
975 2633 1204 2665 essentialiter
1229 2632 1359 2671 dividit,
1386 2638 1419 2664 et
1436 2632 1609 2674 quantitas
1634 2631 1904 2664 accidentaliter.
1923 2629 2021 2662 Sicut
2044 2630 2137 2661 enim

664 2691 806 2725 omnino
835 2702 907 2723 non
935 2701 998 2723 ens
1023 2702 1090 2722 non
1117 2696 1169 2723 est
1191 2689 1438 2733 distinguibile‚
1455 2689 1502 2721 ita
1526 2689 1620 2731 quod
1637 2694 1769 2721 tanturn
1788 2694 1840 2720 est
1868 2698 1930 2720 ens
1948 2686 2137 2729 potentiale
