2493 3458
669 423 702 448 58
1031 421 1220 448 MAGISTRI
1249 421 1467 448 GODEFRIDI
1497 421 1547 447 DE
1576 421 1772 448 FONTIBUS

669 511 804 550 effectu,
831 510 911 552 quia
935 511 1022 542 haec
1047 516 1127 542 sunt
1147 510 1412 542 contradictoria
1430 521 1574 551 quorum
1593 511 1734 542 alterum
1753 510 1986 542 necessarium
2008 516 2059 542 est
2077 510 2085 527 ¹
2103 509 2131 541 ei

669 568 857 600 convenire
875 573 911 600 ut
928 568 1054 600 dictum
1075 574 1136 607 est,
1156 568 1199 599 ita
1218 573 1330 600 tamen
1351 568 1443 609 quod
1462 569 1652 599 secundum
1679 569 1769 600 hanc
1795 567 2002 610 positionem
2029 568 2132 608 [cum]

669 626 841 658 essentiae
866 626 937 658 sive
962 626 1008 657 rei
1035 636 1104 657 non
1130 625 1292 657 convenit
1317 631 1395 656 actu
1421 636 1498 657 esse
1516 625 1687 657 essentiae
1705 625 1776 657 sive
1795 636 1872 657 esse
1891 625 1923 656 in
1942 636 2020 656 csse
2037 624 2133 666 quid-

669 683 820 715 ditativo.
836 683 936 715 Hanc
954 690 1067 715 autem
1087 683 1292 725 positionem
1308 683 1461 714 nituntur
1477 683 1652 714 declarare
1671 694 1731 724 per
1744 682 1854 714 di‹·ta²
1865 682 2132 722 Avicennaess),

669 741 854 783 praecipue
883 741 991 782 primo
1020 740 1278 782 Metapliysicae
1307 740 1363 772 ubi
1392 740 1514 772 dicitur
1542 741 1635 782 quod
1669 751 1897 781 unaquaeque
1927 750 1980 771 res
2008 739 2041 771 in
2071 750 2133 771 sua

669 805 790 830 natura
815 798 978 840 specifica
995 798 1006 814 ³
1029 799 1133 830 habet
1158 798 1396 830 certitudinem
1420 798 1591 840 propriam
1611 808 1699 839 quae
1716 804 1767 829 est
1785 797 1858 829 eius
1876 797 2049 838 quidditas
2066 807 2133 838 qua

669 862 721 888 est
738 856 771 888 id
789 856 882 897 quod
904 862 956 888 est
973 861 1006 887 et
1022 866 1093 887 non
1111 855 1203 887 aliud
1222 867 1240 886 a
1261 868 1308 894 se,
1335 855 1423 887 sicut
1447 856 1573 887 albedo
1599 856 1701 887 habet
1726 855 1965 887 certitudinem
1991 865 2058 896 qua
2083 860 2134 886 est

669 914 794 945 albedo
812 919 845 945 et
862 924 933 945 non
952 918 1004 945 est
1020 913 1178 955 nigredo,
1197 924 1310 954 neque
1329 913 1454 954 aliquid
1473 913 1563 944 aliud
1582 914 1601 943 ⁴.
1623 912 1661 944 lit
1679 912 1875 944 huiusmodi
1894 911 2132 944 certitudinem

669 972 720 1003 vel
738 971 963 1003 intentionem
982 971 1025 1003 de
1043 982 1078 1002 re
1095 971 1348 1002 concomitatur
1364 970 1374 985 ᾖ
1395 970 1538 1002 intentio
1557 971 1599 1001 (lc
1618 982 1705 1005 esse„
1728 981 1769 1001 ex
1794 971 1861 1001 hoc
1886 970 2016 1001 scilicet
2041 969 2133 1011 quod

669 1028 837 1061 certitudo
855 1028 903 1060 rei
928 1039 995 1070 qua
1019 1034 1071 1060 est
1095 1028 1128 1060 id
1154 1029 1245 1070 quod
1273 1034 1324 1060 est
1349 1029 1541 1060 secundum
1571 1040 1608 1059 se
1637 1028 1741 1059 habet
1769 1038 1847 1059 esse
1876 1027 1909 1059 in
1925 1027 1936 1043 ‘⁵
1960 1027 2133 1059 intellectu

668 1087 740 1119 sive
766 1086 799 1118 in
817 1086 1049 1129 singularibus
1067 1092 1169 1118 extra.
1190 1086 1301 1123 Unde,
1320 1092 1355 1117 ut
1373 1086 1453 1117 dicit
1472 1089 1516 1125 (2)
1535 1085 1654 1127 quinto
1678 1085 1946 1127 Metaphysicae,
1963 1084 2134 1116 certitudo

668 1144 918 1186 cuiuscumque
943 1150 1107 1185 quantum
1138 1150 1189 1175 est
1217 1144 1260 1175 de
1289 1156 1326 1175 se
1352 1144 1454 1175 habet
1480 1149 1688 1184 conceptum
1716 1143 1910 1174 absolutum
1936 1153 2005 1183 quo
2030 1141 2135 1173 scitur

668 1202 750 1244 quid
767 1207 819 1234 est
836 1213 889 1234 res
907 1203 1039 1243 absque
1056 1201 1325 1233 concomitantia
1340 1201 1350 1216 ⁷
1372 1201 1583 1243 intelligendi
1611 1212 1684 1231 vum
1711 1211 1788 1232 esse
1814 1201 1908 1231 nullo
1933 1200 2037 1231 inodo
2062 1199 2134 1231 sive

668 1260 842 1292 intellectu
868 1259 941 1291 sive
966 1259 1000 1291 in
1025 1259 1272 1300 singularilms3
1291 1260 1358 1290 lioc
1376 1266 1489 1290 tamen
1509 1259 1599 1299 quod
1620 1258 1669 1289 sic
1687 1259 1790 1290 habet
1808 1265 2015 1299 conceptum
2034 1258 2134 1289 abso-

668 1319 773 1350 lutum
792 1330 861 1350 non
880 1318 977 1360 ponit
994 1328 1063 1350 rein
1082 1318 1210 1349 habere
1228 1317 1367 1358 aliquod
1390 1328 1468 1348 esse
1494 1323 1700 1358 separatum,
1726 1316 1805 1357 quia
1831 1327 1900 1347 non
1927 1317 2030 1347 habet
2056 1326 2134 1347 esse

667 1376 732 1408 nisi
750 1376 783 1408 in
801 1376 915 1407 anima
932 1381 965 1408 et
982 1375 1185 1413 universale,
1204 1375 1256 1407 vel
1276 1375 1308 1406 in
1327 1385 1361 1406 re
1380 1381 1472 1406 extra
1492 1381 1523 1405 et
1542 1374 1725 1415 singulare.
1743 1374 1782 1405 Et
1799 1374 1922 1405 animal
1941 1374 2133 1406 secundum

668 1439 863 1476 respectum
881 1445 950 1475 quo
969 1433 1071 1466 estin
1090 1433 1142 1464 liis
1167 1432 1387 1464 sensibilibus
1415 1433 1465 1464 vel
1492 1433 1523 1463 in
1551 1432 1663 1463 :mima
1689 1431 1896 1463 intellectum
1923 1438 1974 1463 est
1999 1431 2134 1469 animal,

667 1497 701 1524 et
725 1492 816 1524 aliud
842 1503 912 1524 non
938 1491 1061 1523 animal
1085 1490 1340 1523 considcratum
1361 1490 1393 1521 in
1412 1502 1449 1521 se
1467 1496 1608 1522 tantum.
1629 1490 1716 1521 Cum
1736 1496 1850 1521 autem
1868 1489 1930 1521 suit
1948 1489 2084 1527 animal,
2102 1494 2135 1521 et

667 1549 758 1582 aliud
777 1550 869 1591 quod
888 1560 956 1581 non
977 1554 1027 1581 est
1045 1548 1180 1583 animal,
1198 1554 1280 1580 tuuc
1299 1548 1423 1579 animal
1442 1548 1503 1579 erit
1521 1548 1555 1579 in
1573 1548 1640 1579 hoc
1656 1547 1667 1561 ‘⁴
1683 1547 1780 1588 quasi
1799 1558 1879 1589 pars
1896 1547 1980 1578 eius.
2008 1546 2135 1578 Poterit

667 1613 779 1640 autem
806 1607 929 1639 animal
947 1618 1008 1649 per
1025 1618 1062 1638 se
1078 1605 1288 1638 considerari
1305 1617 1310 1637 :
1331 1605 1480 1637 essentia
1498 1605 1587 1637 enim
1607 1605 1680 1637 eius
1697 1612 1749 1637 est
1767 1616 1843 1637 euin
1863 1604 1929 1636 alio
1947 1615 1966 1636 a
1983 1615 2031 1643 se,
2049 1614 2134 1647 ergo

667 1665 818 1698 essentia
835 1665 908 1697 eius
927 1671 977 1697 θεῖ
995 1665 1080 1706 ipsa,
1099 1676 1159 1706 per
1176 1676 1213 1696 se
1232 1664 1343 1706 ipsum
1362 1675 1444 1695 vcro
1463 1674 1540 1695 csse
1558 1670 1608 1695 cst
1634 1663 1809 1704 quoddam
1835 1663 1928 1704 quod
1954 1661 2079 1694 accidit
2104 1661 2134 1694 ei

667 1724 719 1756 vel
745 1723 872 1764 aliquid
897 1723 991 1764 quod
1017 1722 1197 1754 comitatur
1222 1728 1376 1753 naturam
1396 1732 1502 1752 suam.
1523 1721 1614 1761 Ergo
1632 1722 1719 1753 haec
1734 1721 1745 1736 ⁸
1761 1720 1994 1752 consideratio
2012 1730 2135 1752 secun-

667 1782 748 1813 dum
766 1781 859 1823 quod
877 1786 929 1813 est
947 1780 1070 1812 animal
1090 1779 1264 1822 praecedit
1283 1779 1315 1811 in
1330 1790 1407 1811 esse
1433 1786 1465 1810 et
1490 1779 1613 1810 animal
1640 1779 1733 1820 quod
1759 1785 1810 1810 est
1835 1778 2047 1809 individuum
2074 1787 2135 1819 per

667 1839 860 1871 accidentia
885 1849 947 1870 sua
973 1844 1005 1870 et
1031 1838 1224 1870 universale
1249 1838 1343 1879 quod
1369 1843 1422 1869 est
1447 1837 1479 1868 in
1506 1837 1578 1868 istis
1603 1835 1837 1879 singularibus
1857 1842 1890 1868 et
1911 1835 2133 1878 intelligibile,

666 1896 755 1929 sicut
771 1896 915 1938 simplex
933 1895 1109 1938 praecedit
1126 1895 1356 1937 compositum
1376 1895 1407 1929 ¹¹¹,
1434 1901 1466 1926 et
1492 1895 1581 1926 sicut
1606 1905 1684 1936 pars
1710 1900 1828 1925 totum.
1854 1893 2022 1934 Quamvis
2043 1892 2134 1925 enim

667 1954 857 1988 animalitas
882 1965 954 1986 non
980 1954 1023 1986 sit
1047 1953 1112 1985 nisi
1138 1953 1340 1985 universalis
1366 1953 1418 1984 vel
1443 1951 1668 1994 particularis,
1694 1958 1808 1984 tamen
1833 1962 1876 1983 ex
1900 1950 2032 1983 ratione
2050 1961 2134 1982 suae

757 2092 763 2106 ¹
777 2090 974 2117 necessarium
988 2090 1042 2123 est]
1057 2094 1101 2115 est
1115 2089 1311 2115 necessarium
1326 2089 1355 2114 P.
1371 2104 1402 2107 —
1417 2088 1427 2103 ²
1441 2087 1591 2123 praedicta
1606 2088 1635 2113 P.
1652 2103 1682 2106 -
1697 2088 1707 2102 ³
1722 2086 1892 2121 specificata
1907 2086 1936 2112 P.
1953 2101 1985 2105 —-
2000 2087 2009 2101 ⁴
2023 2085 2134 2120 aliquid

666 2134 753 2168 aliud]
769 2133 846 2160 aliud
867 2133 976 2168 aliquid
996 2133 1025 2159 Ρ.
1041 2149 1073 2152 -
1088 2132 1338 2159 *communicatur
1363 2133 1398 2159 P:
1419 2131 1573 2158 comitatur
1599 2139 1695 2165 nicog.
1720 2131 1748 2156 P.
1773 2146 1803 2149 —
1829 2131 1906 2156 “οηι,
1923 2130 1951 2155 Ρ.
1967 2145 1999 2148 -
2025 2128 2134 2155 ⁷comi-

665 2179 756 2205 tantia
771 2178 801 2204 P.
816 2194 848 2197 -
863 2178 873 2193 ⁸
886 2177 965 2212 quod
978 2178 1046 2203 add.
1064 2177 1092 2203 P.
1109 2193 1139 2197 -
1155 2178 1165 2192 ⁹
1178 2186 1232 2202 om.
1247 2177 1277 2202 P.
1295 2192 1325 2195 —
1343 2177 1363 2191 ¹⁰
1375 2185 1430 2202 om.
1445 2176 1474 2201 P.

754 2282 792 2313 (1)
808 2280 904 2306 Tract.
925 2280 946 2311 1,
966 2288 990 2305 c.
1010 2282 1026 2306 6
1047 2279 1106 2310 (fol.
1127 2281 1160 2306 72
1187 2279 1237 2305 Va.
1259 2293 1267 2303 v
1288 2279 1489 2313 Unaquaeque
1553 2286 1599 2303 res
1619 2277 1706 2303 habet
1727 2276 1929 2303 certitudinem
1954 2284 2011 2310 qua
2034 2279 2078 2302 est
2104 2275 2133 2301 id

666 2324 744 2359 quod
771 2329 815 2350 est
840 2324 915 2350 sicut
935 2323 1096 2358 triangulus
1119 2324 1206 2349 habet
1230 2322 1433 2349 certitudinem
1456 2330 1511 2356 qua
1528 2327 1571 2347 est
1587 2321 1749 2355 triangulus
1774 2326 1801 2347 et
1816 2319 1922 2346 albedo
1942 2320 2030 2345 habet
2050 2318 2134 2345 certi-

665 2368 794 2394 tudinem
815 2377 872 2403 qua
894 2372 938 2394 est
952 2367 1093 2403 albedo...
1119 2367 1319 2402 Unaquaeque
1338 2375 1384 2392 res
1407 2366 1493 2391 habet
1517 2364 1720 2392 certitudinem
1745 2364 1892 2399 propriam
1912 2372 1987 2398 quae
2007 2367 2051 2389 est
2071 2363 2133 2389 eius

666 2412 813 2448 quidditas
835 2417 864 2438 et
888 2416 988 2438 notum
1018 2416 1062 2437 est
1085 2411 1163 2446 quod
1187 2411 1331 2437 certitudo
1359 2410 1499 2443 cuiusque
1523 2409 1563 2434 rei
1587 2417 1662 2443 quac
1692 2413 1736 2434 est
1760 2407 1876 2443 propria
1901 2407 1927 2434 ei
1950 2411 1995 2434 est
2017 2410 2134 2442 praeter

665 2465 731 2483 esse
755 2457 833 2492 quod
856 2456 1045 2482 multivocum
1069 2459 1121 2487 est,
1136 2464 1201 2481 cum
1225 2454 1341 2489 aliquid.
1366 2454 1511 2488 Quoniam
1536 2461 1600 2478 cum
1621 2452 1728 2478 dixeris
1749 2451 1827 2486 quod
1847 2451 1991 2478 certitudo
2007 2450 2073 2476 talis
2092 2451 2133 2476 rei

666 2505 709 2526 θεῖ
734 2501 761 2526 in
785 2500 979 2535 singularibus
1002 2500 1049 2525 vel
1073 2499 1099 2525 in
1129 2498 1225 2525 anima
1253 2499 1298 2525 vel
1329 2499 1461 2525 absolute
1487 2498 1524 2524 ita
1552 2502 1581 2523 ut
1602 2497 1797 2523 communicet
1823 2495 1962 2530 utrisque,
1987 2495 2041 2521 erit
2064 2499 2133 2521 tunc

665 2545 738 2571 haec
757 2544 878 2570 intentio
899 2544 1083 2579 apprehensa
1107 2547 1135 2569 et
1160 2543 1316 2569 intellecta.
1333 2554 1343 2565 »
1360 2558 1392 2561 —
1408 2544 1455 2577 ν(2)
1476 2541 1624 2573 Ibid.(f01.
1639 2542 1673 2568 72
1687 2541 1746 2573 va).
1773 2552 1783 2564 ‹<
1799 2540 1829 2567 Si
1853 2544 1950 2566 autern
1969 2547 2026 2566 non
2047 2538 2133 2566 fuerit

665 2589 721 2614 hoc
743 2588 925 2623 propositum
947 2591 977 2613 et
999 2588 1071 2614 haec
1091 2586 1258 2613 coniunctio
1272 2586 1430 2620 utriusque,
1450 2594 1508 2611 non
1522 2585 1630 2612 scietur
1650 2584 1719 2619 quid
1739 2585 1776 2610 sit
1796 2593 1842 2610 res
1861 2583 1924 2610 eius
1944 2583 2026 2610 cuius
2045 2591 2133 2617 quae-

665 2631 753 2658 rimus
778 2631 968 2658 intentionem
997 2640 1051 2657 nec
1080 2630 1263 2665 separabitur
1295 2639 1311 2655 a
1343 2629 1571 2656 concomitantia
1604 2627 1783 2662 intelligendi
1810 2635 1862 2653 ens
1894 2635 1959 2654 cum
1992 2627 2042 2652 illa
2073 2627 2132 2652 ullo

666 2675 753 2702 modo
780 2675 917 2710 quoniam
937 2675 1102 2701 intellectus
1129 2674 1165 2700 de
1192 2679 1307 2700 essente
1333 2682 1449 2708 semper
1473 2672 1660 2699 comitabitur
1686 2671 1764 2697 illam
1791 2670 1858 2705 quia
1887 2671 1935 2697 illa
1955 2670 2067 2698 scilicet
2086 2678 2133 2697 res

665 2719 753 2746 habet
766 2727 831 2745 esse
850 2719 897 2745 vel
916 2718 945 2744 in
965 2718 1160 2753 singularibus
1180 2718 1226 2744 vel
1247 2717 1274 2743 in
1295 2717 1498 2744 aestimatione
1518 2716 1564 2743 vel
1584 2715 1741 2742 intellectu.
1757 2726 1768 2739 »
