2493 3458
802 429 950 455 PRIMUM
980 430 1275 463 QUODLIBETUM,
1306 432 1340 458 (ἶ).
1371 432 1395 457 Υ
1798 437 1823 460 11

366 518 488 550 (11611111
512 518 702 549 consistere
720 517 729 534 ¹
752 518 787 548 in
812 517 944 549 visione
969 525 1086 560 aperta
1111 520 1256 556 deitatis,
1284 521 1333 552 sic
1358 528 1471 553 tamen
1490 533 1559 553 non
1578 523 1745 564 accipitur
1761 523 1827 562 hic,

365 576 426 607 sed
445 576 637 607 secundum
663 576 756 616 quod
782 581 833 606 651
857 576 1068 616 glorificator
1092 577 1124 608 in
1151 578 1282 609 ratione
1308 589 1433 610 causae
1459 579 1647 615 efficientis,
1666 580 1699 610 in
1722 592 1828 621 (111311-

364 639 434 664 111111
460 632 590 664 56111661
614 638 767 663 1105113111
801 633 945 675 gloriam
978 635 1145 674 producit,
1172 635 1264 666 dona
1289 641 1321 667 et
1346 636 1515 667 beneficia
1547 637 1637 668 circa
1670 648 1734 668 nos
1761 638 1828 669 effi-

364 690 488 722 ciendo
522 701 582 731 per
599 700 687 731 quae
716 690 859 732 gloriam
891 701 1075 731 possumus
1105 692 1258 733 adipisci.
1288 693 1507 725 Manifestum
1524 700 1576 725 est
1604 700 1717 726 autem
1735 695 1826 736 quod

363 747 413 779 sic
441 747 663 779 considerare
696 748 738 779 de
770 748 846 778 Deo
880 749 998 789 [quod]
1033 759 1103 780 non
1137 756 1188 781 est
1216 750 1436 782 considerare
1462 752 1504 783 de
1534 751 1610 792 ipso
1636 753 1827 784 secundum

363 805 457 846 quod
487 810 538 836 est
569 805 708 845 aliquod
734 816 794 836 ens
827 805 1112 846 perfectissimum
1138 808 1329 838 secundum
1360 818 1406 841 se„
1436 809 1498 839 sed
1527 814 1578 840 est
1607 809 1828 841 considerare

362 862 594 904 principaliter
611 863 654 894 de
671 862 931 900 restauratione,
957 864 1174 904 reparatione
1196 865 1246 895 vel
1270 865 1491 906 suppletione
1508 866 1705 898 defectuum
1730 867 1828 899 ratio-

363 920 449 951 nalis
474 926 651 952 creaturae
681 926 713 951 et
741 921 784 951 de
813 920 886 951 eius
915 920 1174 962 glorificatione,
1205 933 1292 963 quae
1321 933 1391 954 non
1420 928 1499 954 sunt
1528 923 1601 964 ipse
1629 925 1735 962 Deus,
1765 926 1826 956 sed

363 978 504 1019 quidam
523 977 596 1009 eius
614 977 759 1009 effectus
778 977 868 1009 circa
886 984 1086 1009 creaturam.
1105 979 1179 1010 Nec
1197 986 1288 1010 esset
1306 980 1418 1020 aliqua
1436 980 1580 1012 scientia
1598 982 1690 1022 apud
1708 982 1827 1014 fideles

362 1035 396 1066 111
422 1045 488 1076 qua
506 1035 602 1066 136115
621 1041 713 1067 65561
729 1035 932 1073 subiectum,
952 1041 985 1067 et
1002 1046 1090 1076 quae
1109 1036 1344 1068 consideraret
1360 1037 1370 1053 ²
1388 1038 1430 1069 de
1449 1038 1535 1076 Deo,
1554 1044 1587 1070 et
1607 1039 1650 1070 de
1667 1039 1720 1070 his
1738 1050 1827 1080 quae

362 1092 575 1124 conveniunt
603 1092 667 1124 sibi
696 1093 887 1124 secundum
918 1093 951 1124 id
971 1094 981 1109 ³
1012 1094 1105 1134 quod
1138 1099 1189 1125 est
1221 1105 1282 1125 ens
1316 1095 1604 1135 perfectissimum
1636 1097 1827 1128 secundum

361 1150 523 1192 seipsum.
553 1150 596 1181 Et
623 1150 702 1191 quia
733 1150 932 1181 huiusmodi
964 1151 1167 1182 restauratio
1200 1157 1232 1182 et
1265 1152 1480 1194 glorificatio,
1509 1152 1588 1185 11661
1616 1153 1675 1185 fiat
1703 1165 1722 1185 a
1751 1155 1828 1186 Deo

361 1207 595 1250 principaliter
611 1213 747 1250 agente,
766 1208 802 1238 fit
820 1214 935 1240 tamen
955 1208 1143 1249 aliqualiter
1161 1215 1315 1240 creatura
1331 1216 1512 1252 coagente,
1528 1230 1567 1232 ψ
1582 1216 1829 1252 cooperatores

362 1265 452 1297 enim
483 1265 548 1297 Dei
573 1266 719 1296 5111111154
747 1285 796 1303 ⁴,
823 1265 887 1296 ista
916 1265 1060 1297 scientia
1089 1272 1182 1297 esset
1210 1267 1388 1298 similiter⁵
1417 1267 1526 1310 magis
1556 1268 1708 1309 practica
1727 1280 1829 1310 quam

362 1323 585 1365 speculativa.

450 1381 542 1417 Item,
576 1391 654 1412 cum
683 1386 719 1411 ut
748 1380 875 1412 dictum
905 1386 957 1412 est
995 1382 1090 1412 Deus
1128 1392 1198 1412 non
1236 1383 1347 1413 solum
1383 1382 1452 1413 sit⁶
1484 1383 1761 1422 cognoscibilis⁷
1794 1389 1830 1415 ut

361 1438 572 1481 glorificator
597 1438 765 1476 effective,
783 1439 845 1470 sed
864 1438 964 1469 etiam
984 1445 1020 1469 ut
1037 1438 1248 1481 glorificator
1272 1439 1459 1471 formaliter
1484 1446 1517 1471 et
1541 1440 1712 1472 obiective
1736 1442 1829 1482 quod

361 1496 451 1528 idem
470 1501 521 1527 est
538 1496 631 1537 quod
654 1506 731 1527 esse
752 1495 1020 1538 glorificatorem
1044 1496 1191 1527 finaliter
1216 1497 1279 1531 (sic
1304 1503 1415 1529 autern
1443 1498 1666 1540 cognoscitur
1683 1509 1703 1529 a
1719 1498 1830 1530 beatis

362 1564 422 1595 per
454 1558 606 1595 apertam
639 1553 805 1585 visionem
839 1553 976 1585 divinae
1009 1554 1206 1591 essentiae),
1225 1560 1361 1586 constat
1394 1556 1488 1596 quod
1521 1555 1570 1587 sic
1603 1556 1831 1599 cognoscitur

362 1611 458 1642 Deus
484 1611 676 1642 secundum
702 1621 739 1642 se
765 1616 798 1641 et
822 1611 1076 1643 absolutissime
1102 1612 1292 1643 secundum
1316 1612 1350 1643 id
1373 1613 1466 1653 quod
1492 1618 1544 1644 est
1568 1612 1601 1644 in
1626 1619 1747 1644 natura
1768 1624 1831 1645 sua

361 1667 622 1710 perfectissime,
659 1674 760 1709 prout
796 1668 919 1699 dicitur
952 1668 1081 1709 primae
1110 1669 1273 1700 Iohannis
1299 1672 1343 1709 (1)
1377 1670 1500 1701 tertio:
1530 1671 1723 1702 videbimus
1754 1682 1831 1702 eum

359 1727 464 1757 sicuti
488 1728 546 1757 est.
576 1726 618 1757 Et
646 1726 788 1756 multum
819 1725 930 1757 differt
958 1726 1012 1757 illa
1041 1726 1196 1768 cognitio
1226 1728 1268 1757 ab
1298 1727 1353 1758 illa
1383 1739 1449 1768 (1113
1480 1728 1703 1770 cognoscitur
1735 1729 1830 1760 Deus

361 1789 397 1815 ut
424 1783 635 1826 glorificator
664 1783 773 1824 primo
803 1784 918 1818 modo,
948 1783 1035 1815 sicut
1064 1783 1176 1815 differt
1205 1784 1358 1827 cognitio
1390 1791 1566 1817 creaturae
1596 1791 1628 1817 et
1655 1786 1831 1825 creatoris,

361 1847 394 1873 et
422 1840 577 1883 cognitio
606 1851 677 1872 non
706 1841 817 1872 solum
845 1841 1037 1872 secundum
1069 1842 1162 1882 quod
1196 1852 1301 1873 causa
1334 1843 1395 1873 sed
1428 1843 1648 1874 secundum⁵¹
1674 1843 1708 1874 id
1737 1845 1831 1885 quod

361 1905 412 1931 est
436 1899 470 1930 in
495 1899 612 1941 seipso
637 1905 670 1930 et
699 1898 852 1941 cognitio
883 1899 1036 1930 effectus.
1062 1898 1207 1930 Videtur
1235 1910 1318 1942 ergo
1347 1900 1411 1931 ista
1439 1902 1441 1941 1
1470 1901 1597 1942 positio
1626 1901 1830 1933 irrationalis

360 1957 394 1988 in
423 1962 587 1998 quantum
619 1956 718 1998 ponit
749 1957 843 1997 quod
876 1957 972 1988 Deus
1001 1962 1116 1998 potest
1149 1957 1319 1999 cognosci
1352 1964 1388 1989 ut
1420 1958 1631 2000 glorificator
1662 1959 1829 1999 effective,

361 2019 394 2046 et
419 2014 554 2046 videtur
581 2025 711 2057 negare
747 2015 840 2055 quod
873 2025 943 2046 non
976 2014 1019 2045 sit
1051 2015 1298 2057 cognoscibilis
1330 2021 1366 2046 ut
1397 2016 1608 2058 glorificator
1639 2016 1830 2057 obiective3

360 2083 439 2104 cum
455 2077 571 2104 tamen
589 2083 695 2103 unum
712 2071 869 2104 videatur
885 2072 983 2113 sequi
1001 2073 1043 2103 ad
1063 2072 1165 2111 aliud,
1184 2072 1263 2113 quia
1280 2084 1352 2104 non
1370 2079 1421 2104 est
1439 2073 1649 2116 glorificator
1674 2074 1831 2107 effective

360 2129 425 2161 nisi
458 2129 538 2171 quia
570 2140 634 2161 nos
667 2129 826 2171 perducit
858 2130 901 2161 ad
933 2129 1078 2172 gloriam
1112 2130 1144 2161 in
1178 2141 1244 2171 qua
1277 2131 1389 2172 ipsum
1421 2131 1615 2163 videbimus
1647 2132 1829 2172 obiective‚

359 2187 394 2219 in
418 2198 457 2219 se
482 2193 597 2219 autem
621 2198 702 2219 non.

449 2245 542 2284 Item,
562 2250 699 2277 constat
716 2245 810 2286 quod
829 2245 908 2277 licet
933 2246 1029 2277 Deus
1054 2256 1123 2277 non
1150 2251 1298 2286 ponatur
1315 2246 1508 2278 subiectum
1527 2246 1560 2277 in
1583 2247 1829 2288 metaphysica,

360 2309 474 2334 tamen
503 2303 762 2344 metaphysicus
796 2302 994 2334 considerat
1026 2303 1069 2334 de
1102 2303 1178 2334 Deo
1211 2314 1282 2335 non
1315 2305 1380 2335 sub
1412 2304 1544 2335 ratione
1577 2305 1690 2345 aliqua
1721 2305 1829 2336 deter-

360 2360 498 2399 minata,
524 2361 586 2392 sed
616 2360 816 2401 simpliciter
846 2366 878 2391 et
907 2361 1076 2392 absolute.
1096 2360 1264 2400 Quamvis
1293 2361 1383 2392 6111111
1412 2361 1556 2393 561611113
1584 2363 1734 2393 humana
1758 2373 1828 2394 non

360 2417 472 2459 possit
487 2428 703 2461 cognoscere
721 2418 764 2449 de
783 2418 859 2449 Deo
879 2428 968 2459 quae
986 2417 1017 2449 ei
1042 2418 1254 2449 conveniant
1278 2418 1343 2449 nisi
1362 2429 1402 2450 ex
1427 2419 1602 2457 creaturis,
1619 2424 1733 2451 tamen
1758 2431 1829 2451 non

451 2561 456 2573 ¹
472 2559 608 2585 resistere
629 2560 658 2585 P.
680 2575 712 2577 —
733 2559 742 2573 ²
756 2559 942 2584 considerare
958 2558 991 2584 V.
1008 2575 1040 2577 —
1060 2559 1070 2573 ³
1084 2558 1154 2584 illud
1173 2559 1202 2584 Ρ.
1224 2575 1256 2577 -
1279 2560 1286 2573 ¹
1306 2563 1334 2585 et
1348 2560 1416 2585 add.
1431 2560 1460 2585 P.
1482 2576 1508 2578 —
1537 2561 1546 2575 ⁵
1558 2559 1728 2595 simpliciter
1748 2561 1777 2588 P.
1796 2577 1829 2580 —

359 2603 369 2617 ⁶
383 2603 476 2629 solum
491 2602 537 2636 sit]
553 2602 589 2628 sit
603 2603 696 2629 solum
712 2603 741 2628 P.
756 2619 788 2621 —
806 2603 814 2617 ⁷
827 2603 936 2628 lacuna
950 2602 980 2628 P.
996 2618 1027 2620 —
1043 2604 1052 2615 ’ἦ
1066 2602 1144 2636 quod
1158 2603 1226 2627 add.
1242 2603 1271 2630 Ρ,

448 2719 487 2751 (1)
505 2717 555 2749 111,
569 2719 593 2745 2.

1889 1894 1953 1920 cod.
1965 1894 1987 1919 P

1853 1929 1902 1955 fol.
1915 1931 1963 1955 137
1977 1929 2017 1955 Ra
