2493 3458
728 428 941 455 SECUNDUM
972 429 1268 463 QUODLIBETUM,
1297 431 1332 464 Q.
1359 431 1385 456 ΙΙ
1756 435 1789 458 57

325 517 532 549 conditionis
552 517 689 548 essendi
708 517 760 547 vel
779 527 848 547 000
868 517 1016 548 essendi.
1036 518 1077 548 Et
1094 518 1169 548 talis
1188 524 1380 559 conceptus
1399 525 1450 550 est
1467 519 1573 551 solius
1591 520 1789 561 quidditatis

324 581 357 607 et
388 574 559 606 essentiae
591 574 648 612 rei,
679 585 719 605 ea
747 574 878 605 ratione
911 586 978 615 qua
1012 580 1062 605 est
1095 575 1268 615 quidditas
1301 581 1334 607 et
1366 576 1526 615 essentia,
1556 588 1659 618 supra
1688 589 1789 619 quarn

322 633 515 664 secundum
540 632 605 663 tale
631 642 708 663 esse
734 632 826 672 quod
852 632 956 662 habet
973 632 1006 662 111
1029 632 1173 673 simplici
1200 634 1323 663 mentis
1350 639 1522 674 conceptu
1548 635 1712 666 fundatur
1730 646 1791 676 per

323 700 360 721 se
393 689 518 721 veritas
551 689 825 720 enuntiationum
862 689 904 720 de
942 689 1155 720 inhaerentia
1191 690 1374 729 essentiali,
1409 697 1444 722 ut
1477 692 1570 732 quod
1602 692 1706 723 homo
1740 698 1791 724 est

323 747 439 785 homo,
469 746 632 778 Socrates
662 751 712 777 est
740 747 855 783 homo,
885 747 990 778 homo
1020 752 1070 778 est
1099 747 1223 778 animal
1252 753 1285 778 et
1314 754 1448 782 cetera:
1478 754 1510 779 et
1538 759 1599 790 per
1627 749 1790 781 accidens

324 804 487 835 fundatur
511 814 615 844 super
639 804 706 834 hoc
732 804 824 844 quod
850 804 955 835 habet
980 815 1056 835 esse
1082 804 1160 835 res¹
1188 811 1280 835 extra
1305 805 1338 836 in
1365 805 1527 846 partibuS,
1549 807 1686 838 dicente
1711 807 1791 838 Avi-

324 872 436 893 cenna
472 861 607 902 primo²
640 861 961 902 Metaphysicaell)
995 862 1087 902 quod
1122 862 1377 893 enuntiationes
1411 874 1480 894 non
1514 869 1593 895 sunt
1629 863 1694 895 nisi
1730 875 1792 905 per

325 919 358 950 id
384 919 476 959 quod
501 919 606 949 habet
621 918 632 934 ³
656 929 732 949 esse
752 918 783 948 in
803 918 916 949 anima
934 924 966 949 et
984 919 1175 950 secundum
1193 919 1355 951 accidens
1378 926 1458 951 sunt
1476 932 1536 961 per
1552 920 1584 952 id
1604 922 1696 962 quod
1713 921 1724 938 ³
1741 927 1793 953 est

325 975 358 1007 in
392 975 626 1007 exterioribus.
661 975 765 1015 Quod
800 975 889 1006 enim
923 976 1026 1007 1101110
1060 982 1112 1007 est
1144 977 1247 1007 homo
1276 977 1329 1008 vel
1358 977 1493 1016 animal,
1522 979 1589 1009 hoc
1616 979 1720 1010 habet
1752 989 1793 1010 ex

326 1033 530 1064 certitudine
556 1043 640 1064 suae
665 1033 848 1071 essentiae,
867 1044 968 1073 quam
994 1044 1064 1064 non
1090 1034 1193 1065 habet
1219 1035 1260 1065 ab
1287 1034 1353 1065 alio
1379 1035 1545 1074 effective,
1571 1035 1649 1076 quia
1678 1036 1792 1077 quoad

325 1091 394 1122 1100
409 1090 420 1106 4
437 1101 507 1121 non
525 1095 577 1122 est
602 1090 740 1131 aliquod
767 1091 905 1128 factum,
924 1091 984 1121 sed
1008 1091 1112 1121 habet
1136 1092 1203 1122 hoc
1228 1102 1269 1122 ex
1293 1092 1361 1123 hoc
1385 1093 1474 1133 quod
1497 1093 1601 1124 habet
1625 1093 1791 1125 rationem

326 1148 504 1179 formalem
530 1153 563 1179 et
588 1148 817 1188 exemplarem
844 1148 876 1179 in
903 1148 1078 1179 intellectu
1108 1148 1223 1179 divino
1249 1149 1283 1179 in
1309 1160 1377 1190 quo
1410 1155 1461 1181 est
1492 1150 1571 1191 quid
1606 1156 1792 1183 aeternum.

326 1205 369 1236 Et
394 1210 444 1237 est
469 1206 556 1236 haec
581 1205 706 1236 veritas
732 1205 920 1246 aequaliter
944 1216 979 1236 re
1004 1211 1097 1237 extra
1123 1205 1290 1237 existente
1315 1212 1347 1237 et
1372 1218 1442 1238 non
1469 1207 1646 1247 existente,
1665 1214 1697 1240 et
1714 1208 1793 1240 ideo

326 1263 459 1294 ratione
496 1262 695 1294 huiusmodi
732 1263 831 1294 realis
867 1263 1016 1294 entitatis
1054 1263 1245 1295 essentialis
1282 1264 1501 1296 verificantur
1537 1265 1794 1307 propositiones

325 1320 521 1352 scientiales
551 1320 593 1351 de
622 1320 756 1357 talibus,
782 1321 885 1351 rebus
914 1320 1014 1351 etiam
1044 1331 1113 1352 non
1144 1321 1380 1360 existentibus,
1406 1328 1438 1353 et
1466 1323 1509 1354 de
1538 1323 1621 1364 ipsis
1650 1329 1686 1354 ut
1714 1334 1793 1356 vere

326 1377 470 1409 obiectis
495 1388 575 1409 vere
601 1384 652 1409 est
677 1377 829 1415 scientia,
853 1377 990 1409 dicente
1016 1378 1116 1409 etiam
1142 1379 1308 1421 Algazele
1326 1380 1370 1419 (2)
1390 1379 1423 1410 in
1442 1380 1571 1422 Logiea
1595 1391 1679 1412 sua:
1705 1381 1793 1413 Cum

326 1434 485 1477 intelligis
515 1435 595 1476 quid
626 1441 677 1466 est
705 1436 810 1466 homo
841 1441 873 1466 et
900 1435 980 1476 quid
1011 1435 1146 1473 animal,
1174 1446 1243 1467 non
1273 1442 1372 1477 potes
1401 1437 1591 1480 intelligere
1619 1438 1793 1470 hominem

326 1491 400 1523 sine
418 1491 593 1523 intellectu
612 1491 776 1522 animalis.
797 1492 867 1523 Sed
886 1502 963 1523 cum
989 1492 1150 1534 intelligis
1168 1492 1249 1533 quid
1268 1498 1320 1524 est
1336 1494 1441 1525 homo
1457 1493 1477 1532 ⁵,
1502 1505 1573 1525 non
1599 1500 1651 1526 est
1674 1505 1794 1527 neces-

326 1548 452 1580 sarium
478 1549 667 1591 intelligere
696 1549 807 1589 ipsum
838 1560 924 1587 esse,
951 1550 1002 1580 vel
1029 1560 1106 1581 esse
1135 1550 1260 1588 album,
1287 1550 1366 1591 quia
1395 1562 1472 1582 esse
1501 1551 1714 1584 accidentale
1743 1558 1795 1584 est

328 1606 488 1637 omnibus
507 1616 595 1646 quae
614 1612 693 1637 sunt
709 1606 728 1645 ἢ,
748 1606 870 1637 animal
890 1618 971 1637 vero
990 1612 1041 1637 est
1059 1607 1242 1639 essentiale
1266 1607 1406 1639 homini.
1426 1609 1527 1640 Unde
1545 1614 1661 1650 potest
1677 1609 1795 1650 quaeri

327 1674 415 1704 quae
444 1675 498 1695 res
527 1663 643 1704 posuit
671 1663 846 1695 1100110001
872 1675 949 1695 esse
975 1665 1028 1695 vel
1054 1665 1182 1696 habere
1207 1675 1305 1699 esse:
1332 1666 1394 1697 sed
1419 1676 1489 1697 non
1515 1671 1567 1698 est
1590 1677 1671 1698 vera
1695 1666 1795 1699 inter-

326 1721 460 1764 rogatio
489 1732 557 1762 qua
585 1721 759 1762 quaeritur
787 1732 876 1762 quae
905 1733 958 1753 res
988 1722 1103 1763 posuit
1134 1722 1309 1754 hominem
1344 1734 1421 1755 esse
1450 1723 1584 1763 animal,
1614 1724 1702 1756 sicut
1730 1735 1796 1757 nec

326 1779 501 1810 hominem
528 1790 606 1810 esse
631 1779 827 1810 hominem:
854 1780 958 1811 homo
984 1779 1073 1810 001111
1100 1785 1151 1811 est
1176 1781 1281 1811 homo
1307 1786 1340 1812 et
1365 1780 1489 1812 animal
1515 1781 1750 1814 essentialiter.

415 1836 608 1877 Loquendo
635 1842 747 1868 autem
774 1837 817 1868 de
842 1836 993 1868 essentia
1019 1842 1194 1868 creaturae
1220 1839 1335 1878 quoad
1361 1838 1599 1871 certitudinem
1626 1839 1699 1871 eius
1724 1850 1795 1871 non

327 1894 437 1925 solum
463 1900 500 1925 ut
524 1893 574 1925 sic
599 1894 758 1925 absoluto
784 1899 957 1935 conceptu
975 1895 1288 1935 comprehenditur,
1307 1896 1369 1927 sed
1387 1896 1430 1928 de
1448 1896 1652 1929 certitudine
1670 1897 1743 1929 eius
1760 1897 1795 1929 in

327 1962 363 1983 se
382 1951 466 1992 ipsa,
485 1951 534 1982 sic
553 1952 646 1982 nullo
665 1952 770 1983 modo
790 1963 851 1993 per
868 1951 1133 1983 indifferentiam
1152 1963 1188 1984 se
1206 1953 1311 1984 habet
1335 1954 1379 1984 ad
1405 1964 1482 1985 esse
1507 1960 1539 1986 et
1564 1966 1634 1986 non
1659 1965 1737 1986 esse
1761 1955 1795 1986 in

418 2093 423 2106 ¹
438 2091 466 2117 in
480 2092 548 2117 add.
563 2092 592 2118 P.
609 2109 639 2111 —
656 2093 665 2107 ‘-’
679 2092 794 2118 decimo
816 2093 844 2118 P.
860 2109 891 2112 a
906 2094 916 2107 ³
930 2094 1017 2118 habet
1033 2110 1064 2111 j
1080 2093 1167 2127 quod]
1189 2103 1232 2119 0111
1256 2094 1284 2120 P.
1300 2110 1331 2113 —-
1355 2096 1362 2109 ³
1377 2095 1454 2129 quod
1474 2096 1542 2121 «trid.
1564 2096 1593 2121 P.
1608 2112 1638 2114 —
1657 2097 1667 2110 ⁵
1681 2096 1749 2131 quid
1764 2113 1796 2115 —

327 2136 424 2169 1101110]
441 2145 494 2160 om.
510 2136 539 2161 P.
556 2152 587 2154 —
603 2137 612 2149 '²
627 2145 701 2170 quae
716 2138 791 2169 51101]
814 2145 867 2161 om.
884 2137 913 2162 P.

415 2239 452 2269 (15
465 2238 668 2264 Avice1111.1e
685 2238 908 2271 ills-tas›l1‘vxiccw,
924 2243 1005 2264 tract.
1019 2239 1038 2267 1.
1053 2248 1076 2264 c.
1091 2242 1106 2263 05
1122 2239 1271 2271 (Venetiis,
1285 2242 1360 2269 1508,
1372 2240 1420 2266 fol.
1432 2242 1465 2266 72
1479 2241 1540 2268 Vb).
1554 2252 1565 2263 ‹<
1576 2241 1796 2268 Enuntiationes

327 2290 427 2307 revera
442 2290 499 2306 non
514 2286 579 2307 sunt
599 2281 653 2307 nisi
669 2291 720 2316 per
741 2282 767 2307 111
789 2282 866 2316 quod
883 2282 988 2307 1111110111
1003 2291 1067 2308 esse
1081 2282 1109 2308 in
1124 2283 1218 2308 anima
1233 2288 1261 2308 et
1275 2284 1434 2309 secundum
1455 2284 1592 2310 accidens
1613 2288 1678 2310 sunt
1697 2294 1748 2320 per
1767 2285 1796 2311 id

327 2324 403 2359 quod
424 2329 468 2350 est
488 2325 516 2350 in
537 2325 736 2350 exterioribus.
757 2336 761 2343 ·=
780 2342 810 2343 j
827 2328 864 2351 ‹2›
880 2325 1063 2357 Algazelis
1080 2326 1214 2359 Logicae,
1229 2336 1252 2352 c.
1267 2328 1282 2352 3
1298 2327 1447 2357 (Venetiis.
1463 2329 1539 2360 1506,
1553 2327 1601 2354 fol.
1616 2330 1632 2354 3
1643 2329 1692 2361 Vb,
1705 2331 1723 2355 4
1736 2329 1796 2361 Ra).

328 2368 425 2393 «Cum
447 2368 522 2393 enim
538 2368 675 2400 intelligis
696 2368 764 2402 quid
785 2374 828 2394 051
849 2370 935 2397 homo
956 2374 985 2394 et
1005 2369 1073 2403 quid
1095 2374 1138 2395 est
1159 2370 1263 2395 animal
1278 2379 1334 2396 non
1355 2375 1452 2405 potest
1472 2371 1634 2406 intelligere
1651 2372 1797 2398 hominem

327 2412 388 2437 sine
411 2411 561 2437 intellectu
584 2412 742 2438 animalis...
766 2412 904 2438 Similiter
927 2422 990 2438 cum
1012 2413 1188 2438 intellexeris
1212 2414 1280 2448 quid
1304 2418 1348 2439 est
1368 2415 1454 2440 homo
1477 2423 1534 2440 non
1558 2419 1602 2441 est
1624 2424 1745 2442 necesse
1768 2420 1797 2442 te

327 2455 489 2487 intelligere
511 2464 575 2481 eum
597 2464 661 2481 0550
677 2456 721 2481 vel
744 2464 808 2481 esse
824 2456 919 2481 albuni
934 2465 987 2482 nec
1003 2462 1099 2482 tamen
1119 2457 1229 2491 poteris
1244 2466 1307 2483 eum
1323 2457 1484 2493 intelligere
1499 2458 1553 2484 nisi
1568 2459 1714 2494 intelligas
1728 2459 1798 2494 quid

328 2502 372 2524 est
395 2499 527 2524 animal...
550 2499 629 2525 Pone
650 2508 719 2533 ergo
741 2499 817 2524 aliud
839 2500 1001 2533 exemplum
1028 2500 1101 2525 sicut
1125 2500 1161 2525 (le
1181 2501 1316 2534 phcenice
1339 2502 1385 2527 vel
1409 2501 1504 2536 aliquo
1529 2503 1585 2528 alio
1609 2507 1746 2530 extraneo
1769 2507 1799 2529 et

327 2541 561 2568 manifestabitur
575 2542 627 2568 tibi
643 2542 709 2577 quia
726 2551 790 2568 esse
805 2543 988 2568 accidentale
1003 2547 1046 2569 est
1067 2543 1209 2576 omnibus,
1224 2544 1329 2570 animal
1345 2554 1413 2570 vero
1434 2546 1590 2572 essentiale
1605 2550 1649 2572 est
1663 2547 1798 2573 homini...

327 2585 386 2611 Sed
406 2594 463 2611 non
483 2590 527 2612 est
543 2595 611 2611 vera
626 2586 815 2620 interrogatio
831 2595 887 2621 qua
903 2587 1050 2620 quaeritur
1063 2596 1137 2621 quae
1156 2596 1201 2613 res
1216 2588 1313 2622 posuit
1327 2588 1472 2614 hominem
1493 2597 1558 2615 esse
1578 2589 1700 2616 animal:
1720 2590 1798 2617 idern

327 2629 404 2654 enim
424 2633 469 2655 est
489 2629 587 2655 dicere
608 2629 672 2664 quis
692 2629 789 2664 posuit
810 2630 953 2655 1100110001
974 2639 1039 2655 esse
1060 2630 1174 2656 animal.
1195 2631 1333 2657 Dicemus
1354 2640 1424 2666 ergo
1445 2633 1522 2666 quod
1543 2633 1629 2659 homo
1650 2637 1693 2660 est
1711 2634 1798 2660 homo

328 2672 523 2699 essentialiter
538 2677 566 2699 et
580 2674 667 2700 homo
683 2678 726 2699 051
742 2673 846 2699 animal
861 2674 1063 2700 essentialiter.
1084 2687 1087 2693 ι

1694 2722 1711 2747 8
