2493 3458
514 2201 577 2227 cod,
592 2201 617 2227 V

480 2235 529 2263 fol.
543 2238 595 2263 278
610 2236 649 2263 Ra

671 444 718 468 κω
1035 436 1221 466 MAGIS'nu
1254 438 1471 466 Gom-:Flelm
1505 439 1553 465 nn
1583 434 1779 465 FoN‘slssvs

672 531 764 573 quod
797 536 848 562 est
881 537 931 562 est
970 530 1002 561 in
1040 529 1193 571 potentia
1232 529 1274 560 ad
1312 540 1389 560 esse
1425 528 1624 570 simpliciter
1660 528 1770 570 primo
1806 535 1838 560 et
1874 539 1934 570 per
1965 538 2013 567 se,
2047 529 2140 560 unde

671 589 757 620 sicut
791 599 860 619 non
894 594 1012 629 posset
1045 599 1122 617 esse
1155 586 1229 618 sine
1261 586 1354 618 omni
1390 586 1507 622 forma,
1532 585 1576 617 ita
1609 597 1674 617 nec
1703 585 1777 617 sin«-
1805 586 1898 617 omni
1924 586 2032 617 forma
2062 586 2140 617 sub-

671 646 829 684 stantiali,
848 645 977 676 scilicet
1003 646 1066 676 sul)
1097 645 1169 675 sola
1198 644 1307 675 formu
1334 643 1550 675 accidentali.
1578 643 1618 674 Et
1644 643 1722 675 ideo
1748 643 1913 674 accidens
1937 653 2007 675 non
2026 649 2141 686 potest

671 715 748 735 esse
781 709 816 735 ut
848 703 880 734 in
913 703 1070 734 subiecto
1096 702 1158 733 nisi
1185 703 1245 742 [utl
1272 701 1304 732 in
1339 701 1531 732 substantia
1562 701 1594 732 in
1625 707 1702 732 actu
1733 711 1794 742 per
1818 701 1961 732 formam
1991 701 2139 742 aliquam

670 761 930 793 substantialem
960 760 1023 791 sibi
1053 765 1308 801 competentem
1340 760 1392 790 vel
1421 769 1522 800 quain
1553 758 1751 790 naturaliter
1775 758 2008 799 consequitur.
2043 758 2141 790 Sicut

670 830 754 859 ergo
783 819 974 850 secundnm
1003 823 1172 859 ponentes
1203 817 1317 858 plures·
1350 817 1478 848 formas
1515 816 1545 847 in
1581 815 1784 859 composito,
1819 827 1887 847 una
1920 816 2028 847 forma
2062 817 2141 847 sul)-

670 877 836 908 stantialis·
866 887 935 907 non
970 882 1083 917 potest
1115 886 1192 906 esse
1225 874 1256 906 in
1291 874 1431 906 materia
1471 874 1638 905 existente
1679 874 1743 905 sul)
1784 874 1893 905 forma
1933 884 2035 914 quam
2070 884 2140 905 non

671 934 876 976 compatitur
901 944 1018 964 vsecum
1051 933 1158 963 forma
1186 931 1403 973 completiva,
1433 938 1551 973 utpott¹
1581 932 1691 963 torma
1720 931 1886 962 sensitiva
1925 931 1958 962 in
1999 930 2142 962 materia

671 992 702 1024 in
733 1003 799 1032 qua
830 997 880 1022 est
907 992 1014 1022 forma
1041 990 1164 1032 lapidis
1193 990 1245 1021 vel
1272 989 1481 1027 huiusmodi,
1514 1009 1545 1011 —
1577 989 1620 1021 ita
1646 989 1748 1020 etiam
1779 989 1888 1020 forma
1916 988 2141 1020 accidentalis

671 1060 740 1081 non
761 1055 969 1091 potestesse
988 1048 1019 1079 in
1047 1047 1187 1079 materia
1214 1047 1245 1079 in
1272 1058 1338 1088 qua
1365 1053 1417 1078 est
1443 1047 1551 1078 forma
1577 1047 1640 1078 ⁴sibi
1667 1057 1877 1088 repugnans,
1897 1052 1929 1078 et
1948 1046 2140 1078 secundum

671 1109 738 1139 lioc
771 1106 966 1138 huiusmodi
1004 1105 1197 1137 accidentia
1234 1111 1446 1147 ponerentur
1481 1104 1555 1136 sine
1596 1104 1763 1143 subiecto,
1801 1111 1859 1136 aut
1899 1104 2069 1136 contraria
2109 1110 2142 1136 et

671 1164 900 1207 repugnantia
927 1164 1025 1195 simul
1052 1169 1180 1202 essent,
1206 1163 1299 1204 quod
1325 1169 1376 1195 est
1402 1162 1663 1194 inconveniens.

760 1222 795 1254 si
814 1229 926 1254 autem
954 1228 1033 1253 sunt
1059 1221 1092 1253 in
1118 1221 1258 1253 homine
1284 1221 1333 1252 sic
1360 1221 1475 1262 plures
1501 1221 1632 1251 formae
1658 1220 1752 1261 quod
1771 1219 1978 1251 necessitate
1996 1225 2141 1251 naturae

670 1292 740 1312 non
772 1286 910 1322 oportet
941 1279 1054 1311 anima
1085 1285 1245 1320 separata
1281 1278 1393 1310 statim
1427 1276 1575 1319 aliquam
1609 1277 1709 1309 aliam
1743 1277 1916 1319 corrumpi
1949 1283 1982 1309 et
2015 1287 2141 1309 novam

671 1338 853 1375 introduci,
872 1338 933 1369 sed
953 1336 1151 1368 naturaliter
1176 1342 1291 1378 potest
1318 1336 1372 1367 illa
1396 1346 1485 1376 quae
1511 1335 1706 1367 immediate
1733 1335 1965 1377 praecedebat
1990 1334 2141 1366 animam

671 1397 722 1428 vel
757 1396 799 1427 illi
841 1396 980 1427 suberat
1013 1394 1222 1436 aliquamdiu
1266 1404 1454 1431 remanere,
1496 1393 1570 1434 ipsa
1610 1399 1726 1424 tamen
1763 1392 1928 1424 continue
1975 1393 2141 1424 tendente

670 1455 713 1486 ad
738 1453 995 1495 corruptionem
1025 1451 1219 1484 ulteriorem
1245 1458 1278 1483 et
1304 1451 1591 1493 putrefactionem
1618 1451 1644 1482 si
1670 1450 1733 1482 sibi
1760 1450 2027 1492 derelinquatur,
2053 1450 2142 1483 sicut

671 1511 810 1554 ponitur
834 1510 1063 1543 communiter
1087 1521 1106 1541 a
1132 1509 1344 1552 ponentibus
1371 1509 1403 1540 in
1431 1508 1570 1540 homine
1596 1509 1711 1551 plures
1737 1508 1875 1547 formas,
1894 1519 1983 1550 quae
2001 1508 2140 1550 quidem

671 1570 704 1602 in
745 1569 895 1607 christo,
926 1574 960 1600 ut
1000 1568 1129 1600 dictum
1155 1573 1216 1606 est,
1250 1567 1299 1599 sic
1340 1566 1503 1599 remansit
1532 1566 1627 1608 quod
1667 1572 1842 1598 reservata
1879 1565 1940 1598 fuit
1971 1566 2015 1598 ab
2047 1565 2140 1598 omni

671 1627 811 1659 materia
844 1625 1116 1669 putrefactionis,
1150 1644 1190 1648 —
1223 1631 1306 1657 tunc
1331 1625 1432 1657 etiam
1469 1624 1641 1656 diceretur
1676 1624 1769 1666 quod
1806 1630 1959 1667 remanet
1993 1623 2142 1656 univoce

671 1696 798 1727 corpus
834 1690 1005 1716 mortuum
1045 1684 1197 1725 [corpus]
1240 1682 1366 1715 Christi
1408 1688 1440 1714 et
1475 1681 1727 1724 cuiuscumque
1767 1681 1917 1721 alterius,
1957 1682 2019 1714 sed
2058 1687 2142 1714 tunc

671 1748 825 1775 remanet
849 1742 1002 1774 dubium.
1028 1741 1115 1773 Nam
1148 1751 1225 1773 cum
1252 1741 1285 1772 in
1320 1746 1428 1772 morte
1453 1739 1603 1772 hominis
1634 1739 1866 1772 inducantur¹
1893 1739 2142 1782 dispositiones

672 1801 838 1833 facientes
864 1799 1039 1832 materiam
1066 1798 1250 1831 inhabilem
1270 1799 1313 1830 ad
1339 1797 1474 1830 animae
1501 1797 1777 1830 informationem
1803 1808 1890 1839 quas
1914 1807 1985 1829 non
2011 1797 2143 1829 inducit

671 1865 792 1891 natura
835 1869 896 1900 per
931 1868 969 1889 se
1005 1863 1146 1899 propter
1185 1856 1319 1888 animae
1355 1855 1610 1898 separationem
1651 1855 1724 1888 sive
1763 1855 1872 1897 ipsius
1908 1854 2058 1887 hominis
2082 1865 2144 1897 per

670 1923 814 1948 mortem
840 1915 1107 1957 corruptionem,
1133 1915 1195 1946 sed
1225 1920 1365 1956 propter
1395 1913 1534 1946 alterius
1559 1913 1690 1945 formae
1722 1913 1765 1944 ad
1794 1924 1896 1954 quam
1926 1919 1978 1945 est
2002 1912 2144 1945 materia

671 1975 704 2006 in
753 1973 908 2016 potentia
946 1979 979 2004 et
1025 1983 1128 2014 quam
1176 1971 1373 2004 naturaliter
1413 1972 1544 2013 appetit
1584 1971 1884 2009 introductionem,
1926 1977 1958 2003 et
1998 1970 2049 2002 sic
2088 1970 2143 2002 illa

670 2031 867 2064 naturaliter
891 2031 1025 2063 videtur
1050 2030 1144 2073 prius
1165 2029 1334 2062 introduci
1361 2040 1462 2071 quam
1490 2029 1682 2061 accidentia
1708 2029 1859 2071 separari
1885 2034 2025 2071 propter
2049 2029 2144 2070 quod

670 2090 850 2133 generatio
890 2089 991 2121 unius
1031 2094 1083 2120 est
1121 2087 1296 2130 corruptio
1336 2087 1474 2119 alterius
1514 2094 1547 2119 et
1595 2099 1612 2117 ι·
1652 2097 1844 2124 converso;
1887 2106 1924 2109 «-
1965 2086 2143 2128 quomodo

671 2148 795 2190 poterit
820 2147 885 2179 dici
917 2147 1011 2189 quod
1047 2146 1097 2177 sic
1129 2151 1283 2177 remanet
1315 2145 1436 2177 eadem
1469 2145 1578 2177 forma
1614 2155 1703 2186 quae
1731 2144 1835 2186 prius,
1872 2150 1906 2176 et
1937 2155 2006 2176 non
2040 2143 2143 2176 intro-

671 2205 808 2238 ducitur
835 2216 925 2237 nova
953 2205 1085 2245 absque
1111 2203 1286 2242 miraculo,
1313 2203 1374 2235 sed
1399 2203 1621 2234 naturaliter?
1644 2206 1646 2242 ᾗ
1691 2202 1733 2234 Et
1750 2202 1836 2234 forte
1854 2202 2025 2249 diceretur
2049 2201 2144 2244 quod

672 2274 789 2296 verum
821 2268 872 2295 est
903 2262 997 2304 quod
1030 2267 1151 2293 natura
1184 2271 1410 2303 corrumpens
1443 2260 1618 2293 hominem
1658 2260 1805 2292 intendit
1841 2270 1902 2302 per
1935 2270 1973 2292 se
2004 2259 2143 2292 alterius

670 2321 931 2365 generationem
957 2326 990 2352 et
1025 2319 1315 2351 introductionem
1341 2318 1481 2350 alterius
1507 2318 1636 2350 formae
1662 2318 1908 2357 substantialis,
1939 2328 2005 2350 nec
2029 2323 2144 2350 cessat

671 2389 855 2421 quousque
893 2379 961 2410 hoc
997 2377 1186 2420 contingat,
1227 2377 1289 2409 sed
1325 2387 1396 2408 non
1436 2382 1573 2418 oportet
1609 2376 1703 2417 quod
1743 2375 1855 2407 statim
1892 2381 2055 2418 corrupta
2088 2375 2143 2408 vel

671 2442 830 2479 separata
859 2447 938 2475 una,
978 2435 1044 2467 alia
1084 2435 1330 2473 introducatur,
1362 2440 1395 2465 et
1427 2434 1483 2465 illa
1523 2444 1612 2475 quae
1637 2433 1827 2476 praecessit
1865 2439 2064 2476 corruptum
2088 2432 2143 2465 vel

671 2500 868 2536 separatum
900 2493 1001 2526 simul
1031 2499 1290 2534 corrumpaturg
1325 2491 1406 2533 quia
1435 2497 1551 2534 potest
1581 2502 1660 2523 esse
1695 2491 1836 2523 materia
1867 2502 1929 2533 per
1953 2491 2142 2524 contrarias

671 2552 920 2594 dispositiones
963 2551 1055 2582 facta
1100 2549 1409 2592 improportionata
1449 2550 1581 2581 formae
1620 2549 1760 2581 ultimae
1810 2559 1889 2581 cum
1928 2549 2044 2581 adhuc
2081 2559 2144 2591 per

671 2611 745 2642 illas
775 2621 846 2642 non
878 2615 929 2642 est
962 2608 1176 2640 inhabilitata
1207 2613 1368 2649 respectu
1401 2607 1532 2638 formae
1563 2607 1816 2648 praecedentis.
1847 2603 1891 2638 Et
1924 2607 2003 2639 ideo
2027 2612 2144 2649 potest

762 2739 768 2753 ¹
783 2736 947 2764 indicantur
967 2736 999 2763 V.
