2493 3458
670 429 717 455 126
845 455 850 460 ,
1030 428 1218 454 MAGlSTm
1249 428 1467 454 GODEFRIDI
1500 428 1549 453 1)Ιί
1580 427 1775 454 FON'slsst's

667 517 854 549 (efficaciam
881 518 1059 558 aequalem
1094 518 1246 558 [liabent]
1273 517 1372 548 etiam
1400 517 1432 548 in
1458 516 1609 555 homine,
1636 517 1726 556 ideo,
1761 517 1841 558 quia
1870 518 1952 549 nolo
1982 528 2137 550 asserere

666 581 829 616 tanquam
863 575 1097 606 necessarium
1123 581 1157 606 (ft
1188 575 1287 606 cuius
1320 574 1529 606 eontrarium
1562 575 1604 606 sit
1637 574 1849 617 impossibile
1879 582 1911 607 et
1943 586 2137 614 erroneum,

666 633 759 674 quod
797 632 829 664 in
867 632 1007 664 homine
1041 632 1083 664 sit
1120 639 1250 664 tantum
1287 643 1355 664 una
1392 632 1512 670 forma,
1545 633 1606 664 sed
1640 633 1751 664 solum
1789 633 1857 664 hoc
1890 632 2042 665 dicendo
2077 643 2139 675 per

667 690 806 721 modum
843 690 1031 732 probabilis
1065 689 1251 732 opinionis,
1287 710 1323 712 νὴ
1359 690 1437 721 ideo
1470 690 1571 722 etiam
1611 690 1690 721 volo
1727 701 1881 722 asserere
1915 690 1947 722 in
1984 690 2058 722 aliis
2094 691 2138 722 ab

666 747 806 780 bomine
834 759 904 779 non
931 759 1037 790 posse
1063 759 1140 779 esse
1166 747 1229 779 nisi
1249 758 1351 779 unam
1372 748 1525 786 sormam,
1545 754 1684 789 paratus
1710 754 1827 780 tenere
1852 747 2078 780 determinate
2104 748 2137 779 in

666 805 805 837 homine
834 816 912 837 esse
941 806 1056 847 plures
1088 806 1225 841 formas„
1251 805 1278 837 si
1308 811 1499 847 appareant
1533 805 1619 837 aliae
1652 805 1802 837 rationes
1837 805 2059 844 efficaciores,
2085 805 2138 837 vel

667 863 694 894 si
724 874 764 894 ex
794 863 1080 895 (leti-›rininatione
1110 862 1288 894 Ecclesiae
1316 863 1562 895 determinetur
1591 863 1719 904 aliquid
1744 863 1833 894 circa
1859 874 1987 905 corpus
2012 862 2139 895 Christi

665 931 743 953 esse
768 921 956 953 tenendum
983 921 1076 962 quod
1102 921 1257 952 nondum
1283 926 1335 952 est
1360 921 1634 958 determinatum,
1667 921 1719 952 vel
1751 920 1842 952 aliud
1874 921 2008 953 ratione
2041 920 2140 953 cuius

666 984 823 1020 oporteat
849 989 978 1020 ponere
1004 978 1036 1010 in
1064 978 1202 1010 homine
1229 979 1344 1020 plures
1371 979 1508 1009 formas.

754 1036 809 1068 Ad
828 1036 984 1078 primum,
1010 1047 1087 1068 cum
1114 1036 1267 1079 arguitur
1292 1036 1386 1078 quod
1412 1036 1533 1067 eadem
1561 1042 1701 1068 manent
1729 1035 1923 1068 accidentia
1941 1036 1974 1067 in
1993 1047 2140 1078 corpore

667 1093 792 1126 Christi
812 1094 889 1125 vivo
916 1100 948 1125 et
973 1099 1108 1125 mortuo
1133 1099 1166 1126 et
1191 1099 1316 1132 cetera,
1343 1094 1536 1125 secundum
1562 1093 1696 1135 aliquos
1721 1093 1894 1126 diceretur
1915 1094 2008 1136 quod
2026 1093 2140 1136 aliqua

666 1152 860 1184 accidentia
885 1152 1041 1193 symbola
1067 1157 1099 1183 et
1128 1151 1324 1183 communia
1351 1152 1471 1183 eadem
1499 1162 1642 1183 numero
1668 1157 1808 1183 manent
1834 1151 1992 1183 subiecto
2017 1162 2140 1184 secun-

666 1210 747 1241 dum
778 1209 1004 1241 substantiam
1043 1209 1180 1251 penitus
1215 1215 1452 1240 transmutato.
1483 1209 1554 1240 Sed
1583 1209 1662 1250 quia
1702 1210 1769 1249 lioc
1798 1220 1867 1240 non
1903 1209 2036 1241 videtur
2065 1220 2141 1251 pro·

665 1267 790 1305 babile,
823 1267 1009 1299 dicendum
1043 1267 1136 1308 quod
1169 1266 1248 1308 quia
1281 1266 1474 1299 accidentia
1506 1277 1576 1298 non
1609 1266 1726 1298 insunt
1754 1266 1917 1298 materiae
1951 1266 2016 1298 nisi
2045 1272 2081 1299 ut
2104 1266 2139 1299 in

665 1330 743 1357 actu
780 1331 832 1357 est
868 1336 929 1366 per
965 1325 1107 1356 sormam
1145 1324 1417 1363 substantialem,
1451 1324 1530 1356 ideo
1561 1325 1685 1356 eodem
1715 1329 1841 1365 agente
1873 1335 1942 1366 quo
1975 1330 2140 1367 corrupto

665 1381 806 1413 homine
835 1382 887 1413 vel
913 1381 980 1412 alio
1009 1381 1183 1412 inducitur
1207 1381 1272 1412 alia
1298 1381 1406 1412 forma
1435 1380 1682 1419 substantialis,
1708 1381 1920 1413 inducuntur
1947 1381 2048 1413 etiam
2074 1381 2140 1413 alia

665 1439 858 1471 accidentia
882 1449 1027 1471 numero
1045 1439 1176 1471 saltem.
1196 1439 1379 1470 Generans
1397 1449 1481 1481 ergo
1499 1449 1627 1470 novum
1653 1438 1884 1480 compositum
1902 1438 2140 1477 substantiale,

665 1503 698 1529 et
731 1507 958 1539 corrumpens
983 1497 1209 1539 praecedens,
1243 1502 1294 1528 est
1329 1508 1398 1538 quo
1433 1503 1559 1539 agente
1585 1496 1650 1528 alia
1683 1496 1877 1529 accidentia
1907 1497 2037 1529 habent
2061 1506 2140 1529 esse

664 1561 696 1587 et
715 1555 788 1586 alia.
814 1574 854 1578 —
874 1556 961 1587 Cum
987 1554 1111 1587 dicitur
1129 1555 1222 1596 quod
1248 1565 1329 1591 non,
1349 1554 1427 1596 quia
1446 1554 1586 1586 materia
1616 1565 1687 1586 non
1715 1554 1896 1586 videbatur
1912 1554 2140 1587 determinata

665 1613 708 1644 ad
742 1612 822 1644 talia
855 1612 1048 1645 accidentia
1084 1612 1110 1644 si
1148 1618 1298 1654 ponatur
1330 1623 1399 1644 non
1438 1623 1576 1644 manere
1613 1612 1726 1654 aliqua
1760 1612 1869 1644 forma
1903 1611 2140 1644 substantialis

664 1671 890 1713 praecedenS,
927 1670 1006 1702 dico
1045 1671 1140 1712 quod
1177 1670 1291 1708 immo,
1328 1676 1470 1712 propter
1508 1670 1664 1702 ordinem
1698 1669 1918 1702 essentialem
1952 1670 2139 1702 formarum

664 1728 926 1761 succedentium
952 1728 1016 1759 sibi
1035 1728 1155 1759 ordine
1181 1727 1325 1759 naturali
1355 1727 1387 1759 in
1418 1727 1569 1766 materia,
1595 1728 1788 1759 secundum
1814 1728 1909 1770 quod
1934 1739 2004 1760 non
2030 1728 2138 1769 quod-

664 1786 746 1818 libet
765 1786 772 1803 ¹
794 1786 829 1818 fit
847 1797 888 1818 ex
915 1786 1069 1827 quolibet
1087 1785 1292 1817 immediate.
1311 1785 1360 1817 Ex
1389 1785 1469 1817 vino
1495 1785 1585 1817 enim
1611 1785 1808 1818 immediate
1833 1786 1869 1818 fit
1894 1791 2042 1824 acetum,
2068 1795 2138 1818 non

665 1854 683 1875 e
708 1855 890 1882 converso,
908 1844 986 1875 licet
1005 1844 1062 1875 liat
1085 1843 1251 1875 resolutio
1267 1844 1310 1874 ad
1330 1843 1503 1875 materiam
1523 1843 1664 1885 primam
1691 1843 1724 1875 in
1750 1849 1894 1885 utraque
1912 1843 2138 1885 generatione

664 1901 891 1933 substantiali.
910 1921 948 1924 —
970 1903 1056 1933 Cum
1076 1901 1200 1933 (licitur
1218 1901 1310 1942 quod
1330 1900 1470 1932 materia
1488 1911 1558 1932 non
1580 1900 1829 1939 determinavit,
1849 1912 1966 1933 verum
1988 1906 2054 1939 est3
2073 1911 2139 1933 nec

664 1960 778 1992 anima
803 1959 1030 2002 praecedens,
1049 1959 1128 1991 (lico
1147 1959 1240 2000 quod
1259 1958 1372 1990 immo.
1392 1958 1469 2000 Ipsa
1487 1958 1577 1990 enim
1603 1959 1691 1990 dans
1716 1970 1794 1990 esse
1815 1959 1927 1990 vivum
1947 1965 1980 1991 et
1997 1959 2136 1990 mixtum

664 2017 859 2059 requirebat
877 2016 1124 2059 dispositiones
1150 2016 1183 2048 in
1209 2016 1350 2048 materia
1368 2016 1500 2048 ratione
1521 2027 1665 2058 quarum
1684 2016 1824 2048 materia
1843 2022 1915 2049 erat
1934 2016 1945 2033 ²
1969 2017 2138 2058 disposita

664 2081 697 2107 et
714 2075 872 2107 ordinata
898 2075 941 2106 ad
962 2075 1135 2116 quandam
1159 2074 1303 2106 formam
1329 2074 1590 2106 substantialem
1616 2074 1877 2106 determinatam
1903 2074 2137 2107 inducendam

663 2139 743 2176 post
771 2132 1028 2175 corruptionem
1059 2132 1181 2174 prioris
1207 2131 1400 2174 compositi,
1427 2132 1480 2163 vel
1506 2138 1585 2174 post
1610 2132 1864 2174 separationem
1891 2132 2023 2164 formae
2041 2142 2137 2174 prae-

664 2191 830 2229 cedentis,
856 2190 935 2232 quia
961 2190 1062 2222 etiam
1089 2189 1283 2222 consimilia
1308 2189 1502 2222 accidentia
1526 2196 1797 2231 consequuntur.

751 2249 839 2281 Cum
865 2248 966 2280 etiam
993 2248 1116 2279 dicitur
1143 2248 1237 2289 quod
1267 2248 1310 2278 ad
1335 2248 1426 2279 lianc
1451 2247 1596 2279 formam
1623 2247 1911 2280 introducendam
1937 2258 2009 2280 non
2026 2248 2136 2280 deter-

663 2306 769 2338 minat
786 2306 900 2338 anima
914 2306 994 2348 quia
1009 2312 1060 2337 est
1078 2305 1107 2337 ei
1126 2315 1337 2347 repugnans,
1351 2305 1444 2336 nulla
1461 2312 1575 2337 autem
1594 2305 1726 2337 sorma³
1739 2305 1944 2338 determinat
1959 2305 2134 2338 materiam

663 2365 707 2396 ad
735 2364 879 2396 sormam
906 2363 970 2395 sibi
999 2369 1263 2406 repugnantem,
1293 2363 1478 2395 dicendum
1510 2362 1603 2404 quod
1631 2374 1709 2395 cum
1741 2363 1854 2395 omnis
1889 2363 1999 2395 forma
2023 2374 2043 2395 a
2066 2374 2135 2405 qua

662 2423 699 2454 fit
716 2421 956 2454 transmutatio
981 2421 1024 2453 sit
1048 2431 1250 2463 repugnans
1275 2427 1307 2452 et
1332 2421 1593 2462 quodammodo
1618 2421 1790 2453 contraria
1814 2421 1946 2453 formae
1970 2421 2015 2453 ad
2031 2431 2134 2463 quam

662 2480 699 2512 fit
729 2479 975 2518 transmutatio,
1001 2479 1081 2521 quia
1111 2478 1319 2511 contrarium
1345 2478 1382 2510 fit
1410 2489 1451 2510 ex
1479 2478 1663 2517 contrario,
1689 2485 1722 2510 et
1738 2485 1853 2511 tamen
1878 2484 2016 2521 oportet
2039 2479 2134 2521 quod

662 2538 803 2570 materia
822 2537 1032 2579 intelligatur
1047 2547 1125 2568 esse
1143 2536 1369 2567 determinata
1390 2547 1451 2578 per
1474 2536 1618 2568 formam
1644 2536 1699 2568 cui
1725 2536 1893 2568 subicitur
1916 2537 1960 2568 ad
1988 2537 2134 2569 formam

663 2597 706 2628 ad
737 2607 839 2637 quam
865 2594 1006 2626 materia
1031 2605 1050 2626 a
1082 2594 1192 2625 forma
1225 2593 1447 2635 praecedenti
1483 2600 1597 2635 potest
1622 2589 1818 2626 immediate
1851 2593 2071 2626 transmutari
2097 2600 2134 2626 ut

753 2728 758 2742 ¹
774 2726 916 2761 quidlibet
930 2726 962 2751 V.
978 2742 1008 2744 —
1025 2726 1035 2740 ‘³
1049 2725 1101 2751 erit
1117 2725 1145 2750 P.
1162 2740 1193 2743 —-
1208 2725 1283 2750 3ωη.
1300 2725 1328 2750 Ρ.
