2493 3458
790 429 963 456 TERTIUM
993 429 1293 463 QUODLIBETUM‚
1323 429 1357 454 O.
1385 429 1396 454 I
1782 430 1830 454 177

1328 453 1348 463 ,ι

356 531 445 562 quae
470 519 571 552 etiam
596 530 666 551 non
693 524 894 560 competunt
918 518 966 550 rei
997 518 1062 549 nisi
1087 523 1123 549 ut
1148 529 1209 559 per
1234 529 1334 549 suum
1368 529 1446 550 esse
1471 518 1627 550 existent.
1663 518 1699 550 Si
1729 517 1829 550 etiam

356 584 497 620 propter
531 577 730 608 huiusmodi
759 576 990 607 diversitatem
1024 587 1101 607 esse
1135 581 1167 607 et
1202 576 1383 610 essentiae,
1421 582 1457 607 ut
1492 587 1569 607 esse
1605 576 1696 607 dicat
1728 576 1829 607 talem

355 640 550 677 respectum
576 635 701 666 realem
719 633 911 665 intentione
937 634 979 664 ab
998 633 1073 675 ipsa
1091 633 1242 665 essentia
1275 634 1278 673 Ι
1312 633 1537 672 differentem,
1556 639 1670 674 potest
1688 633 1829 676 intelligi

356 692 506 724 essentia
538 693 602 724 sul)
636 692 709 723 eius
742 691 905 733 opposito
938 696 975 722 ut
1009 692 1074 722 sub
1107 702 1176 722 non
1211 701 1299 729 esse,
1337 697 1419 723 tunc
1458 691 1559 722 etiam
1592 691 1680 723 sicut
1716 692 1829 722 album

355 755 469 792 potest
487 749 629 792 intelligi
654 755 687 781 et
712 760 790 781 esse
815 759 886 780 non
911 748 1019 780 simile
1037 749 1099 780 sed
1125 748 1226 780 etiam
1253 748 1416 780 dissimile
1441 749 1518 790 ipso
1544 748 1577 780 in
1603 760 1665 780 sua
1691 748 1830 780 entitate

356 808 528 849 completa
564 813 725 839 manente
768 806 803 837 in
839 817 901 837 sua
935 806 1116 838 existentia
1148 806 1227 847 quia
1268 806 1454 837 similitudo
1491 817 1556 838 nec
1593 806 1832 838 universaliter

354 870 534 907 respectus
570 864 692 906 aliquis
726 865 784 895 dat
815 864 917 895 alicui
950 864 984 895 in
1018 875 1086 905 quo
1120 869 1171 895 est
1204 864 1323 905 quod¹
1356 864 1499 900 existat;
1537 864 1582 895 ita
1618 864 1720 895 etiam
1756 864 1831 905 ipsa

356 922 505 954 essentia
537 928 656 964 posset
681 922 792 953 solum
825 921 968 964 intelligi
1005 923 1068 952 sul)
1105 933 1176 953 non
1214 932 1291 953 esse
1329 921 1401 953 sive
1437 923 1501 953 sub
1535 921 1698 963 opposito
1722 921 1831 963 ipsius

355 991 442 1019 esse,
468 979 541 1012 sive
565 980 615 1012 sie
640 985 760 1021 posset
785 990 862 1010 esse
888 979 1087 1020 simpliciter
1112 985 1145 1010 et
1169 979 1219 1011 sic
1244 979 1396 1010 essentia
1421 986 1512 1011 esset
1539 980 1613 1011 sine
1638 990 1725 1011 esse.
1751 981 1831 1011 Non

355 1037 491 1069 videtur
521 1048 605 1080 ergo
638 1038 731 1078 quod
769 1047 846 1068 esse
875 1036 918 1068 sit
945 1037 1045 1068 realis
1074 1043 1254 1078 respectus
1284 1037 1317 1068 in
1344 1037 1504 1076 essentia⁷
1524 1038 1613 1078 quia,
1640 1043 1676 1069 ut
1703 1038 1831 1069 dictum

355 1101 416 1134 est,
449 1106 527 1127 esse
559 1100 859 1137 praesupponeret
890 1105 977 1125 esse.
1015 1095 1097 1126 Item
1134 1094 1233 1126 realis
1260 1101 1440 1136 respectus
1470 1095 1497 1126 si
1530 1106 1600 1126 non
1645 1095 1727 1127 dicit
1760 1107 1831 1127 rem

354 1153 454 1185 aliam
481 1164 499 1184 a
528 1153 765 1191 fundamento,
790 1163 862 1183 non
891 1152 996 1183 habet
1024 1152 1124 1183 etiam
1150 1152 1241 1183 aliud
1268 1163 1344 1183 esse
1370 1164 1473 1193 quam
1499 1164 1576 1184 6556
1603 1154 1830 1193 fundamenti,

354 1211 448 1252 quod
478 1221 565 1249 esse,
584 1221 661 1242 cum
695 1210 789 1251 prius
815 1215 937 1241 natura
962 1215 1014 1241 est
1040 1220 1117 1241 esse
1136 1210 1352 1241 fundamenti
1379 1221 1481 1251 quam
1508 1211 1615 1252 ipsius
1640 1218 1830 1253 respectus,

354 1268 443 1300 sicut
468 1274 500 1300 et
525 1268 788 1299 fundamentum
814 1274 936 1298 natura
961 1267 1055 1309 prius
1081 1273 1141 1303 est,
1168 1273 1250 1299 tunc
1279 1268 1306 1298 si
1331 1279 1409 1299 esse
1439 1268 1481 1299 sit
1497 1268 1507 1284 ²
1536 1268 1610 1300 talis
1640 1275 1830 1311 respectus7

355 1331 556 1367 sequeretur
582 1326 674 1366 quod
700 1325 808 1367 ipsius
834 1336 911 1356 esse
936 1330 968 1356 et
993 1325 1095 1356 etiam
1113 1325 1286 1357 essentiae
1312 1331 1363 1357 est
1388 1337 1493 1357 unum
1516 1337 1603 1363 6556,
1622 1328 1715 1368 quod
1736 1327 1831 1369 prius

354 1389 406 1415 est
430 1383 538 1425 ipsius
568 1383 741 1415 essentiae
769 1394 871 1424 quam
901 1382 1009 1424 ipsius
1039 1393 1125 1414 esse.
1152 1383 1229 1414 Hoc
1259 1389 1372 1414 autem
1406 1383 1541 1415 videtur
1566 1384 1830 1424 inconveniens,

354 1440 434 1482 quia
474 1441 524 1473 sic
559 1441 710 1472 essentia
746 1440 992 1483 intelligeretur
1024 1440 1128 1472 esse³
1164 1446 1242 1472 ante
1275 1452 1353 1472 6556
1390 1442 1443 1472 vel
1484 1442 1696 1483 antequam*
1729 1449 1829 1474 esset.

443 1556 520 1587 Hoc
553 1555 654 1598 igitur
685 1556 789 1587 modo
822 1555 999 1596 loquendo
1025 1555 1067 1586 de
1104 1566 1181 1586 esse
1215 1561 1247 1587 et
1281 1567 1500 1597 quocumque
1534 1556 1599 1587 alio
1632 1557 1735 1589 modo
1761 1569 1830 1599 quo

355 1613 495 1655 ponitur
535 1612 728 1644 differentia
761 1613 869 1654 ipsius
908 1624 985 1644 esse
1019 1613 1062 1644 ad
1103 1613 1287 1644 essentiam
1327 1615 1519 1645 secundum
1561 1625 1631 1645 rem
1672 1621 1730 1646 aut
1769 1626 1831 1657 per

354 1670 582 1702 intentionem
608 1670 737 1708 relicto,
767 1676 947 1702 teneamus
973 1676 1008 1701 ut
1029 1671 1242 1712 praedictum
1269 1677 1321 1703 est
1346 1672 1439 1712 quod
1465 1683 1542 1703 esse
1568 1678 1600 1703 et
1621 1673 1771 1704 essentia
1797 1673 1830 1704 id

354 1728 445 1760 idem
470 1734 560 1767 sunt,
594 1728 639 1759 ita
671 1729 765 1769 quod
795 1734 960 1769 quantum
986 1728 1185 1771 intelligitur
1211 1729 1253 1760 de
1287 1729 1437 1761 essentia
1466 1735 1596 1761 tantum
1633 1730 1832 1774 intelligitur

354 1786 397 1818 de
423 1796 510 1818 esse.
537 1786 579 1817 Et
610 1785 688 1817 ideo
718 1797 795 1817 cum
826 1786 964 1827 ponitur
989 1797 1042 1817 res
1078 1797 1149 1817 non
1179 1787 1330 1818 existens
1367 1787 1504 1829 ponitur
1533 1787 1732 1829 simpliciter
1760 1800 1830 1820 non

354 1854 427 1882 ens,
453 1843 499 1874 ita
527 1843 628 1875 etiam
653 1844 747 1885 quod
773 1844 964 1875 secundum
992 1854 1068 1875 esse
1094 1844 1266 1876 essentiae
1285 1856 1355 1876 non
1374 1851 1489 1887 potest
1519 1845 1584 1877 dici
1611 1856 1694 1883 ens3
1721 1852 1752 1877 et
1781 1846 1831 1878 sic

354 1906 448 1943 patet
473 1901 598 1933 veritas
624 1907 656 1933 et
682 1901 808 1932 solutio
835 1901 1048 1943 quaestionis
1074 1902 1296 1943 praemissae.

889 2116 1285 2156 QUAESTwim

993 2197 1181 2231 (LONGA)

628 2301 767 2338 Utrum
794 2301 915 2349 prins
944 2305 1100 2338 creetur
1128 2303 1296 2339 essentia
1328 2317 1446 2353 quam
1479 2318 1569 2340 csse.

442 2465 569 2496 Postea
609 2464 700 2496 eirca
740 2465 933 2496 secundum
973 2465 1238 2507 praedictorum,
1269 2466 1401 2498 scilicet
1436 2472 1547 2498 utrum
1584 2467 1617 2498 in
1654 2468 1828 2500 creatione

354 2527 531 2554 creaturae
557 2522 651 2564 prius
681 2528 814 2554 creetur
844 2523 919 2564 ipsa
949 2523 1100 2554 essentia
1125 2534 1227 2564 quam
1252 2524 1365 2565 ipsum
1391 2535 1468 2556 esse
1497 2526 1759 2566 procedebatur.
1786 2526 1828 2558 Et

354 2580 563 2623 arguebatur
587 2581 681 2621 quod
701 2580 733 2612 in
753 2580 928 2612 creatione
946 2586 1124 2613 creaturae
1141 2581 1151 2597 ⁵
1176 2581 1270 2623 prius
1288 2588 1424 2614 creetur
1442 2593 1518 2615 esse
1538 2594 1639 2624 quam
1666 2583 1827 2623 essentia,

445 2723 523 2758 ¹quo
544 2722 574 2748 P.
595 2738 627 2741 —
649 2723 657 2736 '²
672 2729 715 2748 est
735 2722 764 2748 P.
786 2739 817 2741 —
839 2723 848 2737 ³
863 2732 916 2749 0111.
938 2723 967 2748 P.
989 2740 1021 2741 j
1044 2725 1051 2738 ⁸
1066 2728 1132 2749 ante
1153 2725 1183 2750 P.
1207 2740 1235 2742 —
1259 2725 1267 2738 ⁵
1283 2733 1337 2749 0171.
1359 2725 1388 2750 P.

1885 611 1950 637 cod.
1966 612 1990 636 V

1852 646 1902 672 tol.
1916 648 1967 673 274
1982 647 2021 672 Rb
