2493 3458
516 1733 580 1760 cod.
595 1734 620 1760 V

485 1769 535 1796 fol.
546 1771 598 1796 254
608 1770 648 1796 Rb

680 434 714 458 20
1042 432 1230 458 MAGISTRI
1261 432 1476 458 GODEFRIDI
1508 433 1557 458 DE
1586 432 1781 459 FONTIRUS

679 521 745 553 alio
774 521 971 554 distinctum
1001 527 1035 554 et
1062 526 1279 563 separatum;
1306 521 1367 552 sed
1396 520 1650 553 similitudinem
1680 532 1776 553 suam
1802 522 1845 553 ad
1874 532 1975 563 quam
2003 533 2141 564 passum

678 584 731 611 est
748 578 782 610 in
807 578 961 621 potentia
987 579 1102 611 eduxit
1127 579 1169 610 de
1198 578 1353 620 potentia
1377 579 1421 610 ad
1446 584 1580 610 actum:
1611 590 1652 610 ex
1677 579 1801 610 talibus
1826 585 1938 611 autem
1965 580 2000 611 fit
2026 591 2141 611 unum.

767 636 859 679 Ergo
876 646 918 668 ex
935 637 1002 667 hoc
1020 642 1113 678 patet
1138 637 1231 677 quod
1257 636 1450 668 intellectus
1475 636 1649 678 possibilis
1675 643 1834 678 respectu
1860 637 2025 678 praedicti
2049 648 2141 669 com-

677 693 780 736 positi
805 704 876 725 non
902 699 1015 735 potest
1039 694 1166 726 habere
1192 693 1357 725 rationem
1383 693 1540 736 principii
1566 693 1676 732 activi,
1702 704 1779 725 cum
1803 700 1962 736 respectu
1979 694 2054 726 eius
2071 705 2141 726 non

677 750 788 793 possit
819 751 947 783 habere
979 750 1146 783 rationem
1180 750 1337 793 principii
1371 751 1534 782 formalis,
1567 751 1676 782 Maior
1707 757 1759 783 est
1791 751 1906 783 enirn¹
1941 751 2053 783 unitas
2089 752 2141 783 vel

677 808 838 841 identitas
867 808 954 840 inter
982 808 1187 851 principium
1217 808 1365 841 activum
1395 808 1497 840 fiendi
1527 815 1560 840 et
1589 808 1792 850 principium
1823 809 1964 841 formale
1991 809 2141 848 essendi,

677 877 779 907 quam
797 866 884 898 inter
902 865 1107 908 principium
1125 866 1272 898 activum
1291 873 1324 898 et
1342 866 1527 908 passivum.
1546 866 1632 897 Nam
1659 866 1737 898 licet
1763 866 1966 908 principium
1993 866 2140 898 activum

676 929 709 955 et
737 923 879 955 formale
908 934 978 955 non
1007 923 1160 955 incidant
1189 923 1221 955 in
1251 924 1340 955 idem
1372 935 1514 955 numero
1545 930 1578 955 et
1607 923 1774 962 subiecto,
1804 932 1882 955 sunt
1911 930 2024 956 tamen
2052 924 2140 956 idem

676 982 868 1013 secundum
886 981 1049 1023 speciem,
1067 981 1100 1012 in
1119 987 1284 1022 quantum
1303 981 1508 1023 principium
1534 981 1672 1013 formale
1698 988 1749 1012 est
1774 981 1959 1013 similitudo
1984 981 2083 1013 activi
2109 988 2142 1013 et

676 1044 727 1070 est
752 1037 786 1070 id
811 1049 880 1080 quo
896 1038 907 1055 ²
931 1038 1078 1070 activum
1109 1038 1273 1070 assimilat
1298 1038 1360 1070 sibi
1388 1050 1538 1080 passum.
1565 1039 1658 1079 Ergo
1691 1050 1730 1070 ex
1756 1040 1823 1070 hoc
1855 1039 1995 1070 ulterius
2028 1046 2143 1081 potest

675 1095 836 1128 concludi
852 1097 945 1138 quod
964 1096 1074 1139 magis
1096 1096 1207 1128 differt
1232 1096 1436 1138 principium
1463 1096 1609 1127 activum
1636 1108 1654 1127 ιι
1681 1096 1849 1138 principio
1875 1097 2013 1138 passivo
2038 1108 2139 1138 quam

675 1153 837 1185 differunt
861 1159 959 1185 actus
984 1154 1035 1185 vel
1062 1154 1170 1185 forma
1195 1165 1214 1185 a
1240 1154 1378 1185 materia
1405 1154 1455 1184 vel
1482 1154 1649 1189 subiecto,
1673 1161 1704 1185 et
1722 1154 1875 1185 efficiens
1893 1166 1911 1185 a
1934 1154 2051 1185 forma.
2070 1154 2140 1186 Sed

675 1211 894 1243 manifestum
919 1217 970 1243 est
997 1212 1089 1252 quod
1118 1211 1171 1242 illa
1200 1211 1361 1242 differunt
1390 1210 1524 1242 realiter
1549 1218 1580 1242 vt
1611 1211 1846 1242 essentialiter.
1872 1211 1964 1251 Ergo
1990 1211 2141 1243 similiter

675 1268 737 1300 erit
761 1268 794 1300 in
811 1269 1000 1310 proposito.

763 1326 954 1364 Praeterea,
979 1326 1272 1366 quandocumque
1288 1326 1299 1341 ³
1316 1325 1482 1367 principia
1502 1325 1639 1355 essendi
1660 1325 1704 1355 rei
1724 1325 1822 1356 =<imul
1850 1332 1938 1359 sunt.
1958 1337 2011 1356 res
2036 1326 2140 1358 habet

674 1394 751 1414 esse
769 1382 967 1424 simpliciter
991 1388 1023 1414 et
1049 1383 1081 1414 in
1108 1383 1198 1414 facto
1224 1394 1311 1414 esse.
1333 1382 1422 1422 Ergo
1449 1382 1610 1415 similiter.
1630 1383 1921 1424 quaimlocumque
1938 1384 1946 1398 ⁸
1973 1382 2140 1425 principia

673 1440 777 1472 fiendi
795 1440 843 1472 rei
860 1446 940 1472 sunt
957 1440 1021 1472 sibi
1040 1440 1234 1482 praesentia
1253 1441 1302 1471 vel
1331 1441 1525 1473 ennium-tn,
1553 1452 1607 1471 nes
1632 1440 1772 1471 habebit
1798 1452 1875 1471 ‹ns-sis
1901 1451 1969 1471 non
1996 1440 2029 1472 in
2056 1451 2139 1482 pura

671 1498 826 1540 potentia
849 1498 910 1530 sed
937 1498 970 1529 in
995 1504 1074 1530 actu
1100 1497 1266 1539 permixto
1292 1498 1475 1539 potvntiue,
1502 1498 1595 1538 quod
1615 1505 1665 1528 est
1683 1509 1760 1529 esse
1779 1497 1811 1528 in
1831 1498 1900 1528 lieri
1921 1505 1978 1529 aut
1996 1497 2028 1529 in
2047 1498 2139 1530 facto

672 1566 768 1593 esse3
786 1555 874 1588 sicut
891 1555 1059 1598 contingit
1082 1555 1114 1587 in
1140 1555 1311 1597 aliquibus
1337 1555 1393 1586 ubi
1420 1555 1516 1586 simul
1544 1563 1595 1586 est
1622 1555 1690 1586 lieri
1718 1562 1750 1586 et
1776 1556 1903 1587 factum
1929 1567 2017 1589 esse.
2045 1562 2079 1587 ut
2105 1555 2137 1587 in

671 1613 919 1645 illuminatione
944 1613 1046 1645 medii
1071 1614 1123 1645 vel
1149 1613 1222 1644 aliis
1248 1613 1454 1644 huiusmodi.
1481 1613 1515 1643 Si
1543 1624 1626 1651 erg«,
1660 1613 1852 1644 intellectus
1883 1613 2058 1654 possibilis
2090 1624 2139 1645 re-

671 1676 793 1712 spectu
818 1676 915 1702 actus
940 1670 1153 1713 intelligendi
1182 1671 1308 1702 habeat
1337 1670 1502 1702 rationem
1530 1670 1686 1712 principii
1713 1670 1812 1701 activi
1839 1677 1871 1702 et
1897 1670 2034 1712 passivi,
2059 1681 2137 1702 cum

672 1729 864 1760 secundum
883 1729 950 1760 hoc
968 1728 1172 1770 principium
1205 1733 1207 1759 Ι
1239 1728 1387 1759 activum
1406 1735 1439 1759 et
1458 1728 1631 1769 passivum
1653 1727 1798 1759 maxime
1823 1728 1891 1759 sint
1906 1727 1917 1743 ⁵
1941 1728 2137 1767 coniuncta,

671 1796 742 1817 non
771 1786 882 1817 solum
911 1785 973 1818 erit
1001 1792 1098 1818 actus
1126 1785 1340 1827 intelligendi
1371 1785 1402 1816 in
1434 1785 1504 1816 lieri
1531 1786 1591 1817 sed
1618 1785 1718 1816 etiam
1745 1785 1806 1816 erit
1832 1796 1969 1827 semper
1993 1785 2137 1818 infacto

671 1854 760 1882 esse,
778 1844 871 1885 quod
889 1849 1032 1885 apparet
1050 1843 1311 1875 inconveniens.
1334 1842 1369 1875 Si
1389 1843 1522 1875 dicatur
1539 1843 1632 1883 quod
1651 1843 1729 1874 licet
1746 1843 1940 1874 intellectus
1963 1843 2136 1885 possibilis

670 1901 714 1933 sit
730 1901 879 1934 activum
897 1906 930 1933 et
948 1900 1134 1942 passivum,
1152 1901 1214 1932 sed
1232 1911 1302 1932 non
1321 1900 1446 1932 sufficit
1463 1901 1505 1931 ad
1525 1901 1699 1941 agendum
1718 1900 1781 1931 nisi
1801 1907 1982 1942 praesente
1998 1900 2136 1932 obiecto

670 1958 704 1990 in
734 1959 974 2000 phantasmate
1004 1969 1064 2000 per
1092 1958 1249 1990 virtutem
1275 1958 1469 1989 intellectus
1495 1957 1630 1999 agentis
1656 1958 1720 1989 sul)
1746 1957 1879 1990 ratione
1904 1957 2136 2001 intelligibilis,

670 2016 855 2048 dicendum
875 2016 968 2057 quod
986 2017 1054 2047 hoc
1071 2026 1142 2047 non
1161 2021 1213 2047 est
1230 2015 1320 2047 aliud
1337 2027 1440 2056 quam
1459 2015 1573 2047 dicere
1592 2016 1684 2056 quod
1710 2015 1882 2047 obiectum
1908 2016 2013 2047 habet
2037 2015 2136 2047 ratio-

669 2084 748 2106 nem
773 2073 930 2116 principii
956 2073 1056 2105 activi
1082 2079 1241 2115 respectu
1267 2079 1364 2105 actus
1390 2073 1613 2115 intelligendi.
1633 2073 1668 2104 Si
1687 2073 1820 2104 dicatur
1837 2073 1931 2114 quod
1949 2084 2067 2105 verum
2085 2079 2136 2105 est

669 2131 763 2173 quod
781 2131 954 2163 obiectum
972 2131 1086 2173 aliquo
1111 2131 1216 2165 modo
1241 2131 1345 2162 habet
1370 2130 1536 2162 rationem
1562 2130 1719 2172 principii
1745 2130 1857 2169 activi,
1883 2131 1945 2162 sed
1970 2137 2006 2162 ut
2030 2141 2136 2163 causa

669 2189 743 2221 sine
768 2199 835 2230 qua
860 2199 941 2227 non,
966 2199 1038 2220 non
1062 2194 1175 2220 autem
1201 2194 1238 2220 ut
1262 2198 1367 2220 causa
1391 2199 1451 2230 per
1467 2199 1515 2225 se,
1534 2199 1603 2219 non
1622 2188 1728 2222 valet:
1747 2188 1827 2229 quia
1843 2188 2135 2230 quandocumque

669 2246 782 2288 aliqua
799 2247 869 2278 duo
886 2246 936 2278 sic
953 2257 991 2278 se
1008 2247 1138 2278 habent
1162 2246 1204 2277 ad
1231 2245 1376 2277 invicem
1403 2246 1497 2286 quod
1523 2257 1583 2287 per
1607 2245 1709 2276 unius
1735 2245 1965 2287 praesentiam
1991 2246 2134 2277 alterum

669 2309 721 2336 est
737 2303 771 2335 in
789 2309 867 2336 actu
885 2303 1000 2345 aliquo
1017 2303 1052 2335 in
1070 2314 1138 2345 quo
1158 2303 1251 2345 prius
1268 2314 1339 2334 non
1359 2310 1439 2341 erat,
1460 2309 1493 2335 et
1510 2304 1633 2335 eodem
1652 2304 1796 2335 absente
1815 2303 1896 2334 illud
1914 2302 2040 2334 desinit
2056 2314 2135 2335 esse

668 2362 702 2394 in
726 2361 782 2393 tali
808 2367 897 2400 actu,
923 2367 1059 2393 constat
1084 2362 1177 2402 quod
1202 2361 1284 2392 illud
1309 2361 1408 2392 cuius
1434 2360 1628 2402 praesentia
1653 2361 1794 2392 alterum
1818 2360 1854 2392 fit
1871 2360 1904 2392 in
1923 2358 2013 2399 actu,
2030 2361 2135 2392 habet

667 2419 866 2461 simpliciter
883 2424 916 2451 et
933 2429 995 2460 per
1010 2429 1047 2451 se
1064 2418 1230 2450 rationem
1250 2418 1407 2460 principii
1432 2418 1531 2450 activi
1558 2425 1590 2449 et
1615 2418 1757 2449 alterum
1783 2417 1950 2449 rationem
1975 2417 2133 2459 principii

667 2476 806 2519 passivi.
832 2476 902 2509 Sed
927 2476 1066 2508 obiecto
1090 2481 1274 2518 praesente
1299 2475 1483 2507 intellectui
1511 2475 1584 2517 ipse
1603 2475 1796 2507 intellectus
1811 2475 1848 2507 fit
1865 2475 1899 2506 in
1917 2481 1995 2506 actu
2013 2475 2046 2506 in
2064 2486 2134 2516 quo

667 2545 737 2566 non
755 2538 827 2566 erat
844 2533 981 2566 obiecto
999 2534 1153 2566 absente.
1171 2533 1264 2576 Ergo
1283 2540 1316 2565 et
1333 2539 1458 2565 cetera.

757 2685 762 2699 ¹
778 2688 822 2710 est
835 2684 921 2718 enim]
936 2683 1011 2709 enim
1027 2687 1070 2709 est
1084 2683 1114 2709 P.
1128 2699 1160 2702 -—
1177 2683 1187 2698 ‘³
1200 2683 1279 2717 quod
1293 2683 1322 2708 P.
1337 2699 1369 2701 —
1383 2683 1394 2697 ³
1407 2682 1584 2717 quandoque
1598 2682 1627 2708 P.
1643 2698 1674 2701 -
1690 2684 1698 2697 ⁴
1713 2682 1831 2717 quando
1846 2682 1878 2707 V.
1892 2697 1926 2701 —
1941 2683 1950 2696 ⁵
1963 2682 2000 2708 sit
2013 2682 2043 2708 P.
