2493 3458
498 1580 562 1607 cod.
574 1580 597 1606 V

471 1616 520 1642 fol.
531 1617 582 1642 252
594 1616 634 1641 Rb

649 421 665 443 4
1014 415 1201 442 MAolsTRl
1232 412 1448 440 GODEFRIDI
1480 412 1530 438 DE
1559 411 1754 438 FONTIBL'S

651 513 828 539 creaturae
846 505 1118 539 considerantur,
1133 503 1339 545 accipiendo
1357 501 1487 533 scilicet
1505 500 1740 542 operationem
1759 511 1821 541 pro
1839 509 1945 540 opere
1963 504 2116 540 operato.

651 565 710 598 Sic
740 570 852 606 potest
881 563 946 595 dici
976 563 1068 604 quod
1099 572 1202 593 unum
1232 571 1321 602 opus
1350 559 1401 590 vel
1430 564 1608 600 operatum
1638 563 1689 589 est
1719 556 1903 599 perfectius
1933 557 1982 587 vel
2009 555 2117 587 main>

652 623 768 661 altero,
795 628 827 653 et
852 621 983 652 ratione
1009 619 1100 651 modi
1127 617 1366 660 productionis
1391 627 1484 654 suae,
1510 622 1543 647 et
1567 615 1699 646 ratione
1725 614 1832 656 ipsius
1857 613 2024 655 producti.

742 679 886 711 Ratione
912 677 1002 709 modi
1030 675 1244 719 producendi
1270 674 1393 706 dicitur
1417 673 1556 714 aliquod
1582 683 1671 714 opus
1697 672 1822 707 maius;
1848 678 1961 703 tamen
1985 671 2027 702 ad
2052 672 2119 702 boc

652 738 746 779 quod
764 748 818 769 res
844 736 876 767 in
895 746 972 767 esse
999 746 1059 776 per
1083 732 1278 765 huiusmodi
1297 743 1386 773 opus
1412 731 1631 772 producatur,
1650 729 1732 761 nihil
1751 728 2042 770 praesupponitur
2067 729 2117 759 vel

653 794 819 828 subicitur
847 805 887 825 ex
917 799 1013 835 parte
1043 790 1200 833 producti
1231 790 1262 821 in
1292 800 1361 830 quo
1391 788 1653 830 producendum
1679 786 1863 818 virtualiter
1892 786 2118 827 praeexistat:

653 853 714 884 secl
740 852 852 893 ipsum
878 849 1091 892 producibile
1118 848 1308 880 secundum
1334 852 1442 878 totum
1468 845 1500 877 id
1527 845 1618 886 quod
1645 845 1687 876 ad
1713 845 1786 876 eius
1812 854 1889 875 esse
1913 844 2016 875 habet
2039 854 2120 875 con-

653 920 799 947 currere,
826 915 858 940 et
875 914 1039 949 quantum
1066 907 1108 937 ad
1135 905 1331 947 potentiale,
1350 910 1383 936 et
1400 909 1565 944 quantum
1591 903 1633 933 ad
1651 902 1785 934 actuale
1803 901 1886 937 eius,
1906 912 1946 932 ex
1968 901 2120 942 potentia

654 966 878 1009 producentis
896 965 1080 1006 dependet.
1101 962 1307 995 Huiusmodi
1333 961 1470 1002 quidem
1490 971 1579 1002 opus
1597 959 1720 991 dicitur
1737 959 1846 990 maius
1865 959 1915 990 vel
1935 958 2121 999 perfectius

654 1025 710 1057 illo
739 1036 808 1065 quo
837 1034 891 1055 res
920 1023 952 1053 in
979 1029 1058 1054 actu
1085 1020 1284 1063 producitur
1309 1030 1349 1051 ex
1375 1018 1489 1059 aliquo
1515 1017 1767 1059 praeexistente
1793 1023 1871 1048 ente
1898 1016 1930 1047 in
1958 1015 2121 1057 potentia,

654 1089 690 1114 ut
718 1093 758 1114 ex
787 1081 864 1122 ipso
893 1080 950 1111 fiat
979 1080 1043 1111 tale
1069 1078 1260 1110 secundum
1287 1088 1363 1109 esse
1390 1076 1422 1107 in
1448 1082 1536 1107 actu.
1574 1075 1718 1116 Propter
1746 1074 1839 1115 quod
1871 1074 1971 1105 etiam
1998 1079 2122 1114 potens

655 1140 857 1182 producere,
884 1138 976 1169 nullo
1008 1135 1284 1178 praesupposito‚
1315 1141 1365 1166 est
1395 1133 1531 1165 maioris
1560 1131 1691 1163 virtutis
1721 1131 1753 1162 in
1783 1131 1950 1162 infinitum
1981 1136 2122 1172 potente

655 1198 847 1239 producere
865 1196 975 1227 solum
995 1194 1109 1235 aliquo
1127 1192 1318 1234 ¹supposito.
1347 1191 1386 1223 Et
1403 1191 1595 1223 secundum
1614 1190 1681 1221 hoc
1699 1189 1884 1230 perfectior
1899 1195 1951 1220 est
1968 1188 2123 1230 operatio

656 1255 720 1287 Dei
738 1265 804 1296 qua
830 1253 1004 1284 minimum
1031 1258 1064 1283 et
1090 1250 1288 1282 vilissimum
1308 1259 1457 1280 vermem
1478 1248 1484 1264 ¹
1511 1247 1543 1279 in
1562 1259 1639 1278 esse
1658 1246 1816 1288 producit
1839 1246 2002 1280 creando,
2021 1256 2122 1286 quam

656 1311 811 1354 operatio
837 1310 1084 1350 cuiuscumque
1114 1307 1248 1349 agentis
1278 1306 1381 1338 creati
1411 1312 1728 1346 quamtumcumque
1758 1304 1944 1345 perfectam
1975 1313 2044 1334 rem
2072 1303 2123 1333 vel

657 1369 807 1411 speciem
834 1367 931 1405 entis,
958 1367 1094 1398 actione
1118 1364 1261 1396 naturali
1287 1375 1327 1395 ex
1354 1362 1506 1405 potentia
1536 1361 1697 1393 materiae
1723 1361 1756 1392 in
1782 1372 1859 1392 esse
1890 1359 2123 1402 producentis.

656 1427 699 1458 Et
722 1428 790 1458 hoc
816 1425 920 1457 modo
946 1424 1046 1455 etium
1073 1429 1192 1464 posset
1217 1421 1283 1453 dici
1309 1421 1401 1462 quod
1428 1420 1667 1461 operationum
1697 1418 1760 1450 Dei
1790 1418 1843 1449 illa
1871 1428 1938 1459 qua
1965 1416 2125 1459 producit

656 1484 832 1516 minimum
858 1482 1051 1513 subsistens
1078 1480 1109 1512 in
1136 1491 1173 1511 se
1200 1490 1260 1521 per
1284 1477 1505 1514 creationem,
1527 1483 1581 1508 est
1606 1476 1789 1518 perfectior
1805 1475 1859 1507 illa
1882 1486 1949 1517 qua
1967 1475 2126 1516 producit

657 1541 784 1583 aliquid
803 1552 843 1572 cx
862 1538 1025 1571 materiali
1043 1537 1251 1574 obedientia,
1270 1537 1402 1577 absque
1427 1534 1548 1566 ordine
1566 1541 1719 1571 naturae,
1743 1534 1835 1574 quod
1862 1540 1980 1574 posset
2005 1539 2126 1564 natura

658 1600 851 1642 producere
876 1609 937 1640 per
966 1601 968 1636 l
998 1597 1094 1638 plura
1119 1595 1241 1627 media.

747 1657 797 1688 Ex
815 1661 909 1698 parte
928 1665 1009 1686 vero
1028 1653 1159 1695 operati
1177 1652 1249 1684 sive
1267 1651 1399 1683 ratione
1417 1650 1550 1682 termini
1569 1649 1817 1691 productionis,
1832 1648 1881 1680 sic
1899 1648 1954 1680 illa
1971 1648 2127 1690 operatio

658 1714 782 1747 dieitur
811 1712 995 1756 perfectior
1020 1722 1081 1753 per
1105 1721 1206 1752 quain
1235 1709 1436 1751 producitur
1464 1707 1649 1749 perfectius
1675 1707 1708 1738 in
1734 1713 1855 1738 natura
1881 1707 1933 1738 vel
1963 1706 2126 1740 entitate:

659 1772 759 1805 etsie
776 1771 930 1813 operatio
955 1780 1022 1811 qua
1046 1769 1284 1811 producuntur
1309 1766 1458 1798 animata
1483 1765 1607 1797 dicitur
1631 1764 1816 1806 perfectior
1840 1763 2042 1805 operatione
2059 1775 2126 1805 qua

659 1830 871 1867 inanimata3
909 1834 942 1860 et
978 1826 1134 1869 operatio
1170 1825 1222 1857 vel
1261 1823 1445 1866 productip
1485 1822 1666 1864 compositi
1703 1821 1917 1853 substantiae
1949 1821 2127 1853 nobilioris

660 1887 845 1930 perfectior
873 1892 925 1917 est
953 1895 1054 1926 quam
1074 1882 1269 1925 ‘productio
1301 1880 1484 1923 compositi
1513 1891 1554 1912 ex
1583 1879 1775 1911 substantia
1804 1878 1955 1911 inferiori
1984 1884 2016 1910 et
2044 1890 2127 1920 quo-

660 1955 808 1986 cumque
833 1943 1024 1979 accidente‚
1042 1948 1078 1973 ut
1100 1939 1283 1983 productio
1308 1938 1422 1981 angeli
1447 1938 1481 1969 in
1507 1944 1627 1969 natura
1652 1947 1715 1968 sua
1740 1943 1792 1968 est
1816 1936 2000 1978 perfectior
2024 1947 2126 1977 quam

660 2002 843 2045 productio
871 2000 1020 2032 hominis
1049 1998 1150 2031 etiam
1179 1998 1213 2029 in
1241 1996 1360 2040 gratia,
1391 2016 1429 2018 —
1460 1995 1717 2027 considerando
1749 1995 1836 2026 haec
1865 2000 1901 2025 ut
1928 2000 2008 2025 sunt
2036 1993 2127 2026 entia

661 2060 831 2102 quaedam
849 2058 1042 2091 secundum
1060 2067 1097 2089 se
1116 2062 1149 2088 et
1166 2055 1357 2087 secundum
1377 2065 1493 2086 earum
1511 2053 1666 2095 proprias
1691 2058 1842 2092 naturas,
1859 2051 1939 2093 quia
1956 2051 2128 2092 quaelibet

661 2117 854 2150 substantia
878 2115 1070 2148 secundum
1096 2124 1133 2145 se
1158 2112 1306 2145 nobilior
1330 2118 1381 2144 est
1406 2111 1561 2152 quolibet
1585 2110 1774 2142 accidente.

750 2175 821 2207 Sed
838 2173 1014 2215 loquendo
1039 2172 1082 2203 de
1099 2170 1313 2213 perfectione
1338 2169 1492 2207 alieuius,
1511 2179 1581 2200 non
1599 2168 1792 2200 secundum
1810 2178 1857 2205 se,
1877 2167 1938 2199 sed
1956 2166 1990 2198 in
2008 2166 2129 2198 ordine

662 2240 695 2266 et
723 2231 983 2274 comparatione
999 2229 1010 2246 ‘²
1034 2229 1077 2261 ad
1106 2229 1220 2266 finem,
1249 2227 1331 2259 illud
1360 2238 1429 2268 quo
1459 2226 1584 2267 aliquid
1611 2225 1797 2267 perfectius
1823 2224 2044 2267 coniungitur
2070 2223 2128 2255 fini

663 2298 714 2324 est
738 2289 925 2332 perfectius
943 2288 1000 2319 illo
1025 2298 1094 2329 quo
1112 2297 1181 2318 non
1207 2286 1257 2318 sie
1281 2284 1409 2326 aliquid
1427 2283 1657 2325 coniungitur.
1677 2283 1718 2314 Et
1736 2283 1796 2321 sic,
1814 2293 1891 2314 cum
1910 2293 1971 2322 per
1991 2281 2129 2313 habitus

661 2348 830 2392 gratuitos
858 2345 1034 2378 rationalis
1052 2349 1208 2377 creatura
1225 2342 1412 2385 perfectius
1437 2341 1668 2383 coniungatur
1692 2341 1750 2372 fini
1775 2340 1904 2379 ultimo,
1930 2346 1963 2371 et
1987 2339 2131 2371 efficitur

663 2407 814 2448 quodam
839 2403 998 2436 nobilion'
1027 2402 1132 2434 modo
1161 2400 1334 2443 particeps
1362 2399 1499 2431 divinae
1527 2398 1690 2430 bonitatis
1719 2405 1752 2430 et
1777 2397 2000 2439 perfectionis
2028 2407 2129 2438 quam

662 2475 724 2506 per
757 2462 944 2504 acquisitos
976 2461 1028 2492 vel
1057 2470 1160 2501 quam
1189 2469 1250 2500 per
1281 2457 1455 2500 potentias
1484 2457 1657 2488 naturales
1685 2456 1808 2494 nudas,
1840 2455 2033 2487 secundum
2063 2455 2131 2485 hoc

663 2520 848 2564 perfectior
871 2524 923 2551 est
944 2517 1100 2559 operatio
1117 2516 1183 2548 Dei
1208 2526 1276 2557 qua
1300 2515 1461 2557 producit
1484 2514 1627 2557 gratiam
1653 2513 1688 2545 in
1712 2513 1836 2554 aliquo,
1861 2512 1934 2544 sive
1959 2522 2026 2553 qua
2050 2511 2132 2543 facit

664 2579 812 2620 aliquem
837 2587 915 2609 esse
939 2581 1084 2619 gratum,
1110 2584 1213 2615 quam
1238 2572 1392 2615 operatio
1418 2583 1486 2614 qua
1511 2571 1670 2613 producit
1691 2571 1726 2602 in
1748 2580 1827 2602 esse
1848 2575 1991 2601 naturae
2015 2579 2135 2610 quam-

755 2712 762 2725 ¹
776 2718 876 2736 verum
891 2712 935 2734 est
948 2708 972 2733 V
986 2709 1014 2733 et
1028 2707 1066 2732 in.
1082 2714 1178 2740 marg.
1193 2712 1227 2730 211
1243 2714 1279 2730 m.
1294 2705 1324 2730 P.
1339 2720 1371 2723 —
1386 2705 1396 2719 ²
1409 2703 1617 2738 cooperatione
1632 2703 1662 2728 P.
