2493 3458
532 2301 596 2328 cod.
609 2302 633 2327 V

506 2337 554 2363 fol.
566 2339 616 2364 257
628 2337 668 2363 Va

692 419 725 440 Su
1056 415 1241 440 NlAUlS'l'lx'l
1273 414 1488 440 ‹;‹›1›l‹31<‘l<11)1
1522 414 1570 439 lui
1602 413 1795 439 FON'l'llssl'b

694 506 727 536 ln
754 511 874 536 natura
900 510 1012 536 autem
1038 505 1189 535 humana
1215 503 1408 535 intellectus
1429 508 1462 534 et
1487 503 1644 534 voluntas
1670 508 1748 534 sunt
1775 501 1978 543 principium
2009 502 2158 534 intellec-

692 562 791 594 tualis
828 569 860 594 et
896 562 1108 593 voluntariae
1138 560 1348 602 operationis
1377 559 1622 598 beatificantis;
1652 560 1713 591 et¹
1743 559 1775 591 in
1805 559 1879 601 ipsa
1907 559 2008 591 etiam
2038 564 2158 591 natura

692 622 841 651 humana
871 631 955 661 pura
980 626 1082 661 prout
1112 620 1214 650 buln-t
1243 630 1320 650 ses-<e
1347 618 1379 649 in
1406 617 1479 649 aliis
1504 628 1522 648 a
1549 617 1696 653 Christo,
1723 617 1880 658 ratiopw]
1907 617 2077 659 suppositi
2103 616 2157 648 cui

693 689 753 719 per
781 689 818 709 se
854 678 1023 709 (lelwntur
1059 677 1213 708 actiones·
1251 675 1463 717 intelligendi
1493 681 1526 706 et
1562 675 1708 713 volendi,
1745 674 1933 706 consistit²
1966 674 1999 706 in
2038 680 2159 706 natura

692 735 819 777 duplici
841 735 851 750 ²¹
886 735 958 766 sive
991 734 1022 765 in
1052 734 1244 775 composita
1275 745 1314 765 ex
1345 732 1458 764 anima
1492 738 1525 764 et
1557 743 1714 774 corpore,
1750 731 1795 763 ita
1822 732 1914 773 quod
1954 731 2068 763 anima
2096 731 2159 763 etsi

693 793 802 835 pos-sit
827 804 904 824 csse
923 798 1081 833 separata
1108 792 1298 823 ,secundum
1325 802 1362 822 se
1387 790 1548 827 existens,
1567 789 1646 831 quia
1671 796 1784 821 tamen
1811 800 1948 831 semper
1966 789 1977 806 ⁴
2003 795 2083 821 nata
2108 795 2160 821 est

692 850 836 882 vxistere
855 850 887 881 in
911 850 976 880 alio
1003 856 1038 880 ut
1063 849 1094 880 in
1114 860 1271 890 (torpore,
1300 854 1331 880 et
1358 853 1479 880 contra
1503 858 1600 878 suain
1628 853 1784 878 naturam
1807 853 1858 878 est
1883 853 1916 878 et
1940 852 2059 878 contra
2085 846 2160 878 eius

693 908 879 940 naturalem
914 906 1169 938 inclinationem
1207 906 1299 947 quod
1333 905 1375 936 sit
1415 911 1508 937 extra
1548 916 1676 946 corpus
1706 904 1725 939 ὓ,
1767 904 1933 936 rationein
1973 904 2159 945 perfectam

692 965 862 1007 suppositi
888 976 956 996 non
983 965 1087 995 habet
1112 964 1173 995 sed
1202 963 1357 995 diminuti
1384 963 1572 997 rationem:
1595 962 1673 1003 quia
1699 961 1784 993 ratio
1809 961 1979 1003 suppositi
2004 960 2162 993 consistit

693 1023 724 1054 in
757 1024 823 1054 lioc
852 1023 944 1063 quod
974 1033 1027 1053 res
1058 1021 1254 1052 huiusmodi
1288 1020 1320 1052 in
1358 1032 1394 1052 se
1423 1026 1581 1062 separata
1610 1019 1652 1051 sit
1690 1030 1708 1050 a
1737 1029 1958 1060 quocumque
1987 1017 2063 1057 alio,
2095 1028 2160 1050 nec

693 1086 769 1112 nata
801 1080 842 1111 sit
871 1080 1062 1111 ‚secundum
1093 1090 1188 1110 suam
1215 1085 1369 1109 naturam
1400 1077 1598 1109 naturaliter
1626 1077 1772 1108 existere
1802 1076 1835 1108 in
1863 1076 1930 1108 alio
1966 1082 2002 1107 ut
2034 1075 2160 1117 aliquid

693 1138 776 1169 eius.
808 1137 847 1169 Et
875 1137 953 1168 ideo
983 1137 1072 1168 actio
1102 1135 1314 1176 intelligendi
1345 1141 1378 1167 et
1406 1134 1543 1167 volendi
1570 1145 1658 1175 quae
1695 1140 1775 1165 sunt
1803 1134 1959 1165 actiones
1989 1132 2160 1175 suppositi

693 1202 728 1227 ut
757 1195 973 1237 suppositum
1005 1201 1065 1231 cst,
1093 1194 1164 1225 sive
1194 1200 1229 1225 ut
1258 1194 1361 1225 lialJet
1389 1192 1554 1224 rationem
1585 1191 1755 1233 suppositi
1782 1190 1909 1223 etiain⁶
1937 1190 2103 1223 diminute
2128 1196 2162 1222 et

693 1253 901 1294 imperfecte,
928 1251 1111 1283 conveniet
1140 1251 1274 1282 :mimae
1298 1250 1346 1282 sic
1372 1250 1564 1281 secundum
1588 1261 1625 1281 se
1650 1248 1806 1280 existenti
1833 1254 1866 1280 et
1890 1248 2056 1280 rationem
2082 1258 2162 1289 sup·

693 1310 793 1352 positi
827 1310 992 1341 diminuu-
1019 1309 1167 1340 liulicnti.
1200 1308 1293 1339 Licet
1322 1307 1412 1339 enim
1442 1318 1569 1349 corpus
1599 1318 1668 1338 non
1702 1306 1744 1338 sit
1773 1305 1857 1337 ratio
1887 1305 2099 1348 intelligendi
2129 1311 2163 1337 et

692 1367 829 1399 volendi
855 1367 1037 1408 supposito
1062 1364 1288 1397 sumis-lenm
1316 1365 1349 1396 in
1379 1371 1498 1396 natura
1525 1363 1718 1406 composita
1744 1374 1784 1395 ex
1809 1363 1923 1395 anima
1948 1368 1981 1395 et
2005 1373 2162 1404 corpore,

692 1426 752 1456 sed
778 1425 890 1456 :mima
916 1430 1079 1465 <plantum
1107 1423 1148 1454 :ul
1175 1423 1362 1464 potentiani
1393 1421 1634 1453 intellectivam
1661 1428 1693 1453 et
1719 1421 1892 1452 volitiz'am
1909 1420 1930 1459 ⁸,
1955 1420 2021 1452 vim
2047 1426 2160 1452 tamen

692 1483 844 1525 perfecte
874 1481 1084 1522 intelligendi
1115 1487 1147 1512 et
1178 1480 1314 1512 volendi
1345 1491 1414 1511 non
1444 1480 1548 1511 habet
1577 1478 1690 1510 anima
1719 1478 1782 1510 nisi
1812 1478 1844 1510 in
1870 1478 1926 1510 tali
1955 1477 2161 1520 composite,

691 1541 742 1572 vel
773 1551 842 1571 non
873 1539 937 1571 nisi
966 1540 1030 1570 talc
1061 1538 1290 1580 &impositum
1320 1549 1360 1569 ex
1390 1538 1455 1569 hac
1488 1537 1616 1579 duplici
1648 1542 1779 1574 natura,
1814 1542 1846 1568 et
1874 1537 1942 1567 hoc
1974 1535 2053 1567 ideo
2083 1545 2161 1567 cum

689 1610 793 1629 (τιιιωιι
824 1609 893 1629 non
923 1596 1072 1628 lialiendi
1108 1596 1296 1637 perfectum
1330 1602 1443 1626 actum
1477 1594 1699 1626 beatitudinis
1732 1600 1783 1626 est
1816 1604 1886 1625 non
1920 1599 1988 1625 tam
2021 1598 2163 1635 propter

691 1657 863 1687 ‹lt-fectum
900 1654 1054 1696 corporis
1092 1654 1284 1685 secundum
1318 1664 1355 1684 se·
1391 1664 1493 1694 quam
1525 1658 1666 1694 propter
1701 1651 1875 1683 defectum
1905 1650 2161 1693 personalitatis

691 1713 762 1745 siv«=
790 1713 930 1745 rationis
959 1711 1128 1754 suppositi
1167 1722 1268 1753 quam
1302 1721 1371 1742 non
1402 1711 1507 1742 habet
1535 1709 1649 1741 anima
1685 1709 1760 1741 sine
1792 1719 1949 1751 corpore.
1979 1708 2050 1740 Sed
2079 1708 2161 1750 quia

691 1771 723 1803 in
743 1771 882 1803 Christo
901 1770 1013 1802 anima
1039 1780 1057 1801 a
1082 1780 1229 1810 corpore
1255 1774 1413 1810 separata
1437 1767 1557 1799 habuit
1582 1767 1769 1809 perfectam
1795 1766 1963 1798 rationem
1988 1765 2160 1808 suppositi

691 1840 731 1860 ex
749 1829 881 1860 ratione
899 1827 1068 1869 suppositi
1087 1827 1190 1858 divini
1210 1838 1227 1857 a
1247 1837 1316 1867 quo
1334 1831 1406 1857 erat
1431 1831 1608 1866 assumpta
1626 1831 1659 1857 et
1683 1835 1861 1865 nunquam
1887 1823 2061 1862 derelicta,
2080 1823 2159 1855 ideo

692 1893 831 1928 propter
858 1885 1153 1927 imperfectionem
1187 1885 1239 1915 vel
1259 1884 1270 1899 ’¹
1302 1883 1564 1915 diminutionem
1601 1881 1743 1913 rationis
1775 1881 1946 1923 suppositi
1978 1881 2012 1912 in
2046 1880 2161 1912 anima

691 1943 817 1975 Clu-isti
845 1943 939 1974 nulla
970 1942 1032 1974 fuit
1061 1941 1331 1983 imperfectionis
1360 1940 1446 1972 ratio
1481 1941 1523 1971 ad
1560 1939 1767 1972 eliciendum
1803 1945 1917 1971 actum
1946 1937 2161 1980 intelligendi

691 2008 723 2033 et
753 2001 900 2033 volendi.
928 2000 1043 2042 Quare.
1073 1999 1263 2031 secundum
1290 1999 1367 2035 hoc,
1394 2009 1463 2029 non
1491 1998 1652 2029 obstante
1677 1997 1816 2029 defectu
1842 2002 1876 2028 et
1900 1995 2160 2038 imperfectione

691 2059 825 2091 animae
859 2058 983 2090 Christi
1018 2069 1058 2089 ex
1096 2056 1315 2098 separatione
1354 2056 1427 2087 eius
1467 2066 1487 2086 a
1519 2065 1676 2097 corpore,
1709 2065 1780 2086 non
1821 2053 2074 2096 impediebatur
2104 2053 2158 2085 vel

690 2117 925 2149 retardabatur
953 2127 972 2146 a
1001 2114 1213 2157 perfectione
1243 2113 1412 2145 fruitionis
1441 2124 1484 2145 eo
1511 2113 1605 2154 quod
1628 2113 1780 2144 habebat
1807 2111 1961 2154 perfecte
1990 2110 2158 2142 rationem

692 2174 945 2217 personalitatis
970 2173 1041 2204 sive
1067 2171 1248 2214 suppositi.

780 2233 850 2265 Sed
879 2242 956 2263 curn
982 2230 1094 2262 anima
1123 2241 1192 2261 non
1222 2229 1315 2260 unita
1347 2228 1521 2270 duplicem
1552 2227 1693 2259 modum
1722 2226 1935 2259 subsistendi
1965 2231 1999 2258 et
2032 2236 2158 2268 suppo—

691 2291 744 2322 siti
773 2291 909 2327 habeat,
938 2299 1042 2320 unum
1069 2287 1261 2319 secundum
1286 2297 1323 2318 se
1352 2288 1355 2326 Ι
1383 2285 1622 2327 imperfectum
1652 2290 1685 2317 et
1710 2284 1968 2326 incompletum‚
1992 2283 2026 2315 in
2053 2293 2160 2324 quan·

690 2354 760 2380 tum
786 2347 918 2379 ratione
947 2356 1030 2377 suae
1059 2343 1351 2376 immaterialitatis
1382 2349 1463 2375 nata
1497 2349 1548 2374 est
1578 2353 1639 2384 per
1669 2352 1707 2374 se
1725 2341 1872 2374 existere
1902 2341 1976 2373 sine
2001 2350 2159 2382 corpore,

690 2406 792 2437 alium
828 2405 1019 2447 perfectum
1056 2408 1088 2434 et
1116 2403 1326 2443 completum
1363 2401 1397 2432 in
1435 2400 1630 2442 composito
1666 2410 1728 2442 per
1756 2410 1794 2431 se
1822 2398 2033 2431 subsistente
2060 2397 2159 2430 euius

691 2463 803 2495 anima
821 2468 873 2495 est
894 2472 982 2504 pars,
1008 2471 1088 2502 pars
1110 2466 1223 2491 autem
1249 2469 1320 2491 non
1347 2459 1450 2490 habet
1474 2458 1665 2500 perfectum
1690 2457 1832 2489 modum
1856 2455 2068 2488 subsistendi
2092 2465 2160 2487 nec

691 2519 859 2553 existendi
883 2519 948 2551 nisi
973 2529 1049 2550 cum
1077 2523 1154 2549 actu
1179 2523 1231 2549 est
1256 2517 1288 2548 in
1314 2522 1398 2555 toto,
1417 2517 1569 2548 —hunc
1593 2515 1766 2557 duplicem
1791 2514 1932 2546 modum
1947 2512 2160 2545 subsistendi

782 2672 787 2685 ¹
800 2679 853 2695 om.
865 2670 894 2696 P.
906 2684 939 2687 —
951 2670 960 2683 '³
970 2677 1024 2694 om.
1037 2668 1066 2693 P.
1077 2683 1110 2686 —-
1121 2667 1132 2682 ³
1142 2666 1240 2692 divina
1252 2666 1281 2691 P.
1293 2682 1325 2685 —
1338 2668 1346 2681 ⁴
1360 2674 1414 2691 om.
1426 2665 1456 2690 P.
1468 2680 1501 2683 —-
1513 2665 1522 2680 ⁵
1537 2669 1618 2690 extra
1629 2665 1745 2698 corpus]
1757 2672 1812 2689 om.
1823 2663 1852 2689 Ρ.
1863 2679 1896 2682 -
1908 2663 1919 2677 ³
1927 2666 1960 2688 ut
1972 2661 2157 2697 suppositum

691 2731 723 2733 —
738 2714 835 2747 etiam]
847 2717 875 2739 et
889 2713 918 2739 P.
934 2728 966 2730 —
984 2712 991 2726 ⁷
1005 2710 1182 2738 subsistendi
1197 2710 1219 2735 P
1229 2710 1260 2735 V.
1276 2725 1308 2728 -
1323 2710 1333 2724 ⁸
1346 2714 1375 2735 et
1388 2708 1549 2742 volitivam]
1564 2717 1619 2735 om.
1633 2708 1663 2734 P.
1678 2723 1711 2726 ——
1725 2708 1736 2722 ⁹
1748 2711 1778 2733 et
1791 2707 1821 2733 P.
