2493 3458
782 408 955 435 TERTIUM
985 406 1283 441 QUODLIBETUM,
1313 406 1347 440 Q.
1374 406 1386 431 I
1772 405 1819 428 165

348 501 442 544 pium
478 506 511 533 et
548 501 664 542 legere
700 499 843 530 verbum
880 497 970 528 idem
1007 496 1141 528 realiter
1176 495 1382 537 significant.
1413 494 1471 525 Sic
1501 494 1601 525 etiam
1636 493 1821 524 dicendum

350 565 402 591 est
430 558 464 590 in
493 557 654 589 omnibus
683 556 766 594 aliis,
799 566 865 586 nec
903 556 945 586 ab
979 556 1045 585 hac
1079 553 1304 594 generalitate
1351 551 1518 593 excipitur
1551 562 1622 588 ens,
1662 550 1821 588 essentia,

350 627 427 648 esse
463 621 496 647 et
537 620 660 646 cetera.
700 614 788 644 Nam
818 612 937 653 quinto
971 611 1230 652 Metaphysicae
1252 612 1296 649 (1)
1334 609 1392 640 ubi
1422 609 1656 650 Philosophus
1685 607 1823 639 distinc-

349 674 478 705 tionem
520 672 699 703 nominum
740 670 841 702 tradit
884 669 1077 701 secundum
1117 667 1375 699 distinctionem
1421 678 1543 704 rerum,
1592 676 1654 707 pro
1701 665 1824 696 eodem

350 742 487 773 semper
526 729 652 771 accipit
684 739 746 760 ens
787 734 819 759 et
860 738 947 759 esse.
990 727 1091 758 Unde
1130 726 1201 756 vult
1241 725 1334 766 quod
1374 724 1561 765 quotiens¹
1601 723 1724 755 dicitur
1764 733 1825 754 ens

351 788 489 830 aliquid,
515 787 642 819 totiens
668 792 720 818 est
746 796 833 823 esse,
860 785 913 816 vel
939 795 1000 816 ens
1025 784 1078 815 vel
1105 783 1229 815 entitas
1254 794 1316 814 seu
1343 782 1503 813 essentia.

440 846 633 883 Praeterea,
659 849 796 875 constat
825 843 919 884 quod
947 841 1134 882 unicuique
1161 841 1267 872 verbo
1292 839 1459 871 infinitivo
1485 844 1536 870 est
1561 849 1690 880 ponere
1716 837 1826 869 termi-

351 914 433 935 num
459 902 516 944 qui
542 908 593 934 est
618 902 683 933 sub
710 912 778 932 una
808 911 895 931 voce
921 898 1139 941 participium
1165 904 1197 929 et
1222 908 1362 935 nomen,
1389 897 1479 928 idem
1505 896 1697 937 utrobique,
1724 895 1802 926 licet
1818 894 1828 910 ’Ζ

352 962 416 992 sub
442 960 508 992 alio
533 960 638 991 modo
660 958 904 1002 significantia,
924 963 975 989 est
1000 956 1101 988 etiam
1129 966 1259 997 ponere
1286 966 1414 986 nornen
1441 955 1579 986 verbale
1605 964 1694 995 quae
1713 952 1828 984 omnia

355 1019 445 1050 idem
475 1017 681 1060 significant,
701 1015 932 1047 diversimode
960 1020 1086 1045 tamen.
1113 1014 1206 1056 Ergo
1234 1024 1311 1044 cum
1339 1023 1416 1044 esse
1445 1017 1547 1053 prout
1575 1010 1742 1052 accipitur
1767 1021 1829 1052 pro

354 1087 432 1108 esse
467 1074 669 1107 existentiae
702 1073 745 1105 sit
778 1074 920 1105 verbum
954 1071 1110 1103 infinitivi
1139 1071 1233 1102 modi
1262 1076 1362 1102 erunt
1390 1070 1469 1101 talia
1507 1069 1538 1100 ei
1571 1068 1828 1110 respondentia.

354 1134 425 1166 Sed
455 1144 526 1164 non
556 1131 726 1174 contingit
756 1131 871 1163 dicere
900 1130 965 1161 nisi
998 1140 1070 1168 ens,
1090 1129 1252 1167 essentia,
1271 1128 1395 1160 entitas
1424 1133 1457 1159 et
1473 1126 1682 1158 huiusmodi.
1713 1126 1831 1166 Quare

354 1196 491 1233 oportet
516 1190 631 1222 dicere
657 1189 751 1230 quod
777 1188 892 1220 omnia
922 1188 986 1219 ista
1015 1187 1105 1218 idem
1136 1186 1342 1229 significant.
1369 1185 1456 1217 Esse
1485 1185 1588 1227 igitur
1616 1184 1697 1215 dicit
1721 1183 1831 1225 ipsam

354 1248 542 1280 essentiam
571 1248 625 1279 vel
654 1246 829 1278 entitatem
859 1245 916 1277 rei.

442 1307 634 1344 Praeterea,
668 1305 964 1346 quandocumque
1005 1303 1038 1334 in
1081 1303 1196 1344 aliquo
1237 1308 1317 1333 sunt
1349 1301 1462 1342 aliqua
1502 1301 1599 1342 plura
1640 1299 1831 1331 differentia

354 1364 498 1402 realiter,
527 1364 570 1394 de
600 1362 754 1404 quolibet
784 1362 920 1393 illorum
947 1367 997 1392 est
1032 1362 1034 1401 i
1068 1371 1186 1391 verum
1216 1360 1331 1391 dicere
1356 1359 1449 1400 quod
1483 1364 1540 1389 aut
1573 1364 1623 1389 est
1654 1357 1831 1399 pertinens

355 1422 398 1454 ad
427 1421 516 1453 illius
543 1420 741 1457 essentiam,
774 1419 854 1450 talia
884 1419 975 1451 enim
1006 1424 1085 1449 sunt
1102 1418 1244 1449 materia
1273 1423 1306 1449 et
1334 1417 1445 1448 forma
1474 1416 1506 1447 in
1536 1414 1748 1457 compositis,
1775 1419 1833 1445 aut

358 1480 452 1522 quod
479 1484 531 1510 est
560 1477 799 1510 concomitans
817 1477 827 1492 ³
862 1488 924 1518 per
953 1488 990 1508 se
1029 1482 1061 1507 et
1090 1475 1319 1507 essentialiter
1351 1474 1460 1516 ipsam
1494 1473 1679 1505 essentiam
1708 1472 1766 1511 rei,
1796 1477 1833 1503 ut

355 1542 435 1569 sunt
459 1536 620 1578 propriae
645 1535 828 1577 passiones
854 1534 926 1566 sive
952 1534 1156 1571 accidentia,
1175 1538 1233 1564 aut
1251 1538 1302 1564 est
1327 1531 1586 1563 accidentaliter
1611 1541 1832 1572 consequens

354 1595 408 1626 vel
440 1594 632 1626 adveniens
666 1599 703 1624 ut
736 1598 815 1624 sunt
857 1591 1053 1624 accidentia
1089 1591 1297 1623 communia.
1337 1590 1477 1621 Nullum
1518 1589 1659 1621 istorum
1700 1588 1834 1620 videtur

354 1663 460 1695 posse
478 1651 546 1683 dici
563 1652 606 1683 de
625 1650 776 1683 essentia
801 1655 963 1692 respectu
989 1649 1173 1681 essentiae.
1199 1648 1345 1680 Videtur
1370 1658 1454 1690 ergo
1480 1648 1573 1689 quod
1599 1657 1675 1678 esse
1701 1645 1834 1678 realiter

355 1721 427 1741 non
453 1709 588 1741 differat
611 1710 653 1740 ab
680 1708 840 1740 essentia.

444 1768 637 1805 Praeterea,
679 1766 973 1807 quandocumque
1013 1764 1142 1806 aliquid
1183 1775 1219 1796 se
1259 1765 1365 1796 habet
1405 1764 1448 1795 ad
1500 1762 1591 1794 aliud
1633 1768 1667 1793 ut
1707 1763 1750 1793 ab
1791 1772 1833 1793 eo

357 1825 520 1857 differens
556 1824 693 1857 realiter
729 1824 823 1865 quod
858 1828 973 1866 potest
1008 1822 1152 1865 intelligi
1187 1822 1358 1864 complete
1385 1821 1395 1837 4
1429 1832 1492 1853 ens
1521 1820 1593 1852 sive
1622 1819 1773 1852 existens
1800 1819 1834 1850 in

357 1894 394 1915 se
423 1883 498 1915 sine
526 1882 595 1922 illo,
632 1881 736 1913 immo
767 1881 868 1913 etiam
906 1882 971 1913 sub
1009 1880 1173 1922 opposito
1210 1880 1308 1918 illius,
1345 1879 1427 1910 illud
1462 1879 1535 1910 sine
1564 1889 1633 1919 quo
1665 1878 1757 1908 aliud
1786 1877 1835 1908 sic

357 1946 473 1983 potest
503 1939 647 1983 intelligi
679 1950 717 1971 se
750 1940 856 1971 habet
887 1939 931 1970 ad
960 1938 1073 1980 ipsum
1099 1944 1135 1969 ut
1167 1937 1330 1969 accidens
1359 1947 1553 1973 commune,
1583 1936 1663 1977 quia
1690 1946 1757 1967 nec
1792 1935 1836 1966 ad

357 1999 431 2031 eius
460 1997 649 2030 essentiam
677 1997 835 2040 pertinet,
857 2007 923 2029 nec
952 1996 1121 2038 principia
1150 1995 1226 2027 talis
1255 1995 1429 2027 essentiae
1455 1995 1497 2026 de
1522 1993 1730 2025 necessitate
1755 2003 1836 2024 con-

355 2056 510 2098 sequitur
540 2061 577 2087 ut
609 2055 749 2097 propria
782 2055 900 2097 passio
934 2065 970 2086 se
1004 2055 1109 2086 habet
1145 2054 1188 2085 ad
1222 2053 1401 2095 proprium
1435 2052 1652 2089 subiectum3
1689 2057 1722 2083 et
1761 2050 1836 2082 sine

356 2113 538 2146 existentia
564 2113 640 2145 talis
666 2113 754 2145 entis
780 2119 895 2155 potest
921 2124 998 2145 esse
1025 2113 1196 2154 complete
1222 2114 1252 2143 et
1277 2111 1431 2153 perfecte
1457 2110 1550 2151 quod
1568 2110 1579 2126 ⁵
1609 2109 1660 2141 sic
1689 2109 1763 2140 sine
1793 2119 1835 2139 eo

357 2171 565 2214 intelligitur.
593 2171 629 2204 Si
647 2182 731 2214 ergo
758 2171 807 2202 sic
833 2182 870 2202 se
896 2172 1001 2202 habet
1020 2181 1097 2202 esse
1116 2170 1159 2201 ad
1178 2180 1255 2201 esse
1277 2169 1372 2210 quod
1397 2168 1473 2210 ipsa
1499 2167 1650 2200 essentia
1667 2167 1836 2198 existente

358 2229 482 2272 poterit
514 2228 684 2272 intelligiG
712 2229 787 2260 sine
820 2228 1019 2260 huiusmodi
1053 2238 1131 2260 esse
1165 2226 1380 2265 existentiae,
1414 2225 1543 2257 i1nmo⁷
1576 2226 1640 2256 sub
1674 2224 1837 2266 opposito

360 2287 443 2326 eius,
462 2287 551 2319 sicut
578 2297 704 2319 corvus
734 2286 792 2328 qui
817 2286 930 2318 existit
957 2286 1056 2329 niger
1084 2290 1199 2327 potest
1228 2284 1372 2327 intelligi
1403 2284 1516 2315 nitens
1549 2283 1700 2315 candore
1716 2282 1736 2321 ³,
1755 2287 1838 2313 tunc

455 2445 458 2457 ¹
476 2442 739 2477 quotienscumque
755 2442 784 2468 P.
806 2458 837 2460 ⁷
859 2442 868 2456 ‘-'
882 2441 994 2467 scilicet
1009 2442 1038 2467 P.
1060 2458 1091 2459 j
1113 2441 1122 2455 ³
1137 2440 1356 2467 communicans
1371 2441 1401 2466 P.
1417 2456 1448 2459 —
1471 2441 1479 2455 ⁴
1494 2449 1548 2465 0111.
1564 2440 1593 2465 P.
1608 2455 1639 2457 —
1662 2440 1671 2453 ⁵
1685 2447 1741 2472 qua
1762 2438 1791 2464 P.
1806 2453 1837 2456 ——

362 2486 372 2501 Β
386 2495 440 2512 om.
456 2486 486 2512 P.
507 2502 538 2504 —
563 2487 570 2501 ⁷
584 2485 651 2512 ideo
673 2486 703 2512 P.
724 2502 756 2504 fi
778 2487 788 2500 ³
801 2485 958 2520 splendore
978 2485 1008 2511 P.

451 2590 489 2621 (1)
510 2587 745 2614 Aristotelis
766 2588 981 2622 ΔῑΙΛιφΙι-γεῐεαε
1004 2588 1020 2613 l.
1036 2588 1083 2619 IV,
1104 2596 1127 2614 c.
1148 2589 1163 2613 7
1185 2588 1309 2621 [221.1.V,
1324 2596 1347 2613 c.
1361 2588 1387 2620 9]
1408 2589 1446 2621 (p.
1461 2587 1547 2617 1017).
1569 2583 1629 2610 1420’
1649 2583 1714 2610 αὐτα
1732 2583 1759 2609 δὲ
1778 2583 1840 2609 εἶναι

362 2629 466 2666 λέγεται
485 2630 585 2665 ὅσαπερ
604 2630 725 2663 σημαίνει
744 2631 775 2656 τὰ
795 2630 920 2665 σχήματα
939 2633 985 2662 τῆ,·
1004 2630 1164 2665 κατηγορίας
1184 2638 1190 2643 ·
1214 2630 1320 2664 ὁσαχῶς
1339 2630 1389 2665 γὰρ
1407 2628 1519 2664 λέγεται,
1538 2632 1710 2664 τοσαυταχῶς
1729 2628 1759 2653 τὸ
1778 2627 1840 2654 εἶναι

363 2682 492 2705 σημαινει.

1735 2705 1769 2729 22

1887 1349 1951 1375 cod.
1969 1348 1991 1374 V

1856 1385 1904 1411 fol.
1919 1386 1970 1411 272
1981 1385 2022 1410 Vb
