2493 3458
524 1127 589 1153 cod.
602 1127 623 1153 P

488 1161 536 1189 fol.
553 1164 602 1189 149
614 1163 653 1188 Va

681 403 731 428 14ss
1044 401 1232 427 MAGlS'rltl
1262 400 1481 427 GODEl-‘RIDI
1512 400 1561 427 DE
1591 400 1787 427 FONTIBUS

769 492 856 524 Cum
894 502 978 533 ergo
1014 490 1188 532 quaeritur
1221 495 1330 522 utrum
1369 490 1478 522 forma
1509 490 1623 531 aliqua
1659 490 1768 532 possit
1804 489 1909 522 minui
1943 490 1995 522 vel
2031 489 2149 533 augeri

680 550 872 581 secundum
902 548 1012 591 magis
1041 554 1074 581 et
1099 548 1211 580 minus
1240 558 1302 590 per
1338 547 1533 586 essentiam,
1560 547 1588 579 si
1621 547 1830 590 intelligatur
1858 547 1908 580 sic
1943 548 2037 589 quod
2074 547 2150 590 ipsa

680 607 832 639 essentia
850 612 1017 647 augeatur
1034 612 1067 638 et
1088 606 1260 637 minuatur
1277 606 1469 637 secundum
1496 616 1532 637 se
1558 605 1629 637 sive
1655 605 1847 637 secundum
1872 605 2040 637 rationem
2066 616 2150 638 suae

680 664 852 697 essentiae
890 665 942 696 vel
977 664 1168 696 secundum
1203 674 1242 695 ea
1275 674 1364 705 quae
1397 663 1440 695 ad
1473 663 1582 705 ipsam
1608 662 1793 695 essentiam
1819 663 2002 705 pertinent,
2034 663 2150 695 dicen-

680 723 760 754 dum
779 723 872 764 quod
898 733 967 753 non
983 732 989 759 3
1008 721 1088 763 quia
1105 721 1241 763 species
1259 721 1451 753 secundum
1470 731 1506 752 se
1532 720 1689 752 consistit
1708 720 1741 752 in
1757 720 1872 762 aliquo
1894 721 2150 763 complemento

681 779 875 812 indivisibili
909 786 944 811 ut
971 779 1100 811 dictum
1126 785 1187 816 est,
1214 778 1257 810 ita
1283 779 1378 820 quod
1407 778 1617 819 ubicumque
1643 784 1694 810 est
1723 778 1870 820 species,
1896 778 1970 820 ipsa
1999 784 2051 810 est
2080 783 2151 810 tota

681 838 873 870 secundum
914 837 946 869 id
983 837 1076 878 quod
1111 837 1154 868 ad
1195 835 1268 868 eius
1305 835 1489 868 essentiam
1531 836 1686 878 pertinet.
1725 836 1760 867 Si
1797 841 1910 868 autem
1944 835 2152 878 intelligatur

681 896 774 937 quod
801 895 875 937 ipsa
892 894 1042 927 essentia
1067 894 1116 926 sic
1141 894 1334 937 augeatur¹
1359 899 1392 926 et
1417 893 1599 932 minuatur,
1619 894 1713 935 quod
1739 893 1814 935 ipsa
1839 893 1872 925 in
1897 905 1960 925 sua
1985 893 2150 926 totalitate

681 958 844 995 quantum
871 953 914 984 ad
940 951 1136 984 essentialia
1161 952 1287 984 habeat
1320 962 1409 990 esse,
1442 951 1634 983 secundum
1672 951 1873 983 totalitatem
1906 962 1989 983 suae
2019 951 2151 993 quanti-

680 1011 758 1043 tatis
784 1010 934 1042 virtualis
953 1021 1041 1052 quae
1060 1015 1111 1042 est
1133 1009 1337 1052 magnitudo
1363 1010 1496 1041 liabens
1521 1009 1662 1040 modum
1687 1009 1935 1041 accidentalem
1963 1015 1997 1040 ut
2022 1009 2150 1041 dictum

681 1074 742 1107 est,
769 1068 801 1100 in
839 1079 909 1100 uno
945 1074 1100 1110 tempore
1135 1067 1169 1099 in
1205 1067 1320 1108 aliquo
1345 1066 1504 1098 subiecto
1529 1073 1562 1098 et
1598 1066 1630 1098 in
1663 1066 1730 1098 alio
1762 1078 1844 1105 non,
1870 1067 1931 1099 sed
1957 1067 2150 1099 secundum

681 1133 811 1169 partem
845 1128 848 1167 Ι
881 1136 964 1158 suae
990 1125 1165 1157 totalitatis
1202 1124 1364 1163 virtualis,
1397 1130 1479 1156 tunc
1517 1134 1632 1156 verum
1666 1130 1717 1156 est
1756 1125 1876 1166 quod²
1912 1124 2074 1156 minuitur
2099 1125 2151 1157 vel

681 1190 827 1227 augetur
852 1185 959 1216 forma
986 1183 1087 1215 etiam
1118 1183 1310 1215 secundum
1344 1181 1528 1214 essentiam
1561 1182 1831 1223 quodammodo.
1859 1183 1904 1214 lta
1929 1182 2035 1223 quod,
2064 1182 2153 1214 sicut

682 1243 758 1285 plus
783 1247 835 1274 est
863 1242 906 1273 de
935 1241 1024 1273 linea
1053 1241 1085 1272 in
1115 1240 1205 1272 linea
1234 1240 1339 1283 longa
1364 1251 1465 1281 quam
1497 1239 1530 1271 in
1557 1239 1650 1272 brevi
1672 1239 1775 1271 etiam
1793 1240 1836 1271 de
1855 1239 2004 1272 essentia
2030 1240 2152 1279 lineae,

681 1311 758 1332 cum
799 1305 871 1331 tota
910 1298 1061 1331 essentia
1101 1298 1212 1330 lineae
1248 1298 1290 1329 sit
1330 1297 1363 1329 in
1407 1297 1570 1329 omnibus
1610 1297 1764 1339 partibus
1801 1304 1834 1329 et
1874 1298 1989 1339 plures
2037 1304 2151 1340 partes

681 1357 928 1390 determinatae
954 1355 1152 1398 quantitatis
1178 1362 1257 1387 sunt
1283 1355 1315 1387 in
1341 1356 1444 1397 longa
1469 1366 1571 1397 quam
1598 1355 1631 1386 in
1657 1355 1761 1393 brevi,
1789 1356 1865 1397 plus
1902 1361 1953 1387 est
1984 1356 2028 1388 de
2061 1355 2150 1388 linea

681 1416 781 1448 etiam
808 1415 1000 1447 secundum
1018 1415 1028 1430 ³
1052 1413 1237 1446 essentiam
1271 1413 1321 1445 sic
1354 1413 1386 1444 in
1413 1424 1481 1444 una
1515 1424 1617 1454 quani
1644 1413 1676 1445 in
1710 1413 1786 1451 alia,
1813 1424 1883 1445 non
1910 1413 2042 1445 ratione
2067 1424 2150 1445 suae

681 1473 864 1511 essentiae,
890 1473 952 1504 sed
978 1471 1110 1504 ratione
1139 1470 1329 1503 accidentis
1355 1471 1463 1513 ipsam
1490 1471 1738 1512 consequentis
1762 1471 1879 1503 variati
1898 1471 1989 1503 circa
2015 1471 2151 1503 diversa

681 1531 857 1563 individua
882 1530 1003 1568 lineae,
1030 1540 1100 1562 non
1128 1528 1292 1571 ponentis
1322 1534 1436 1560 tamen
1466 1529 1689 1560 variationem
1710 1529 1801 1561 circa
1827 1529 1936 1571 ipsam
1965 1529 2150 1561 essentiam

681 1590 813 1621 formae
839 1588 1035 1631 specificae,
1062 1607 1100 1611 —
1127 1587 1172 1619 ita
1201 1586 1303 1619 etiam
1329 1592 1399 1618 tota
1436 1586 1588 1618 essentia
1624 1586 1792 1618 albedinis
1829 1593 1881 1618 est
1918 1586 1950 1618 in
1986 1586 2096 1618 maius
2119 1592 2152 1618 et

682 1647 794 1679 minus
813 1647 903 1685 albo,
921 1651 1035 1678 tamen
1061 1645 1136 1687 ipsa
1159 1650 1211 1676 est
1236 1645 1313 1686 plus
1332 1644 1364 1676 in
1383 1643 1493 1686 inagis
1518 1644 1619 1681 alb0;
1645 1644 1706 1676 sed
1732 1644 1800 1676 hoc
1817 1650 1869 1676 est
1894 1644 2024 1676 ratione
2050 1644 2152 1676 liuius

681 1704 872 1737 accidentis
897 1704 1006 1746 ipsam
1032 1703 1082 1735 sic
1107 1702 1364 1744 consequentis,
1390 1708 1426 1734 ut
1450 1702 1538 1734 sicut
1564 1701 1596 1733 in
1615 1702 1704 1734 linea
1730 1702 1807 1744 plus
1832 1708 1974 1734 extensa
1999 1708 2051 1734 est
2076 1702 2152 1744 plus

681 1763 725 1795 de
742 1763 843 1801 linea,
862 1762 906 1794 ita
924 1761 958 1793 in
983 1761 1142 1793 albedine
1167 1761 1244 1803 plus
1270 1760 1405 1792 intensa
1434 1766 1485 1792 est
1506 1760 1583 1802 plus
1602 1760 1644 1791 de
1662 1759 1823 1792 albedine
1842 1766 1874 1792 et
1891 1760 1934 1791 de
1959 1759 2152 1792 substantia

681 1821 734 1853 vel
753 1820 904 1853 essentia
929 1818 1109 1857 albedinis,
1134 1818 1196 1850 sed
1216 1829 1276 1860 per
1293 1817 1457 1850 accidens
1482 1823 1606 1849 tamen.

769 1879 871 1912 Unde
896 1878 974 1920 plus
999 1883 1051 1910 est
1076 1877 1119 1909 de
1155 1875 1307 1908 essentia
1335 1875 1485 1907 caritatis
1511 1875 1544 1907 in
1577 1876 1727 1907 habente
1760 1875 2000 1917 perfectiorem
2034 1870 2153 1908 carita-

681 1943 748 1969 tem
781 1936 874 1968 dicto
899 1936 1014 1968 modo.
1045 1934 1213 1975 Quamvis
1239 1944 1323 1977 ergo
1349 1944 1427 1965 esse
1457 1939 1491 1965 et
1515 1933 1630 1965 inesse
1656 1935 1701 1974 [et
1730 1933 1856 1974 inesse]
1885 1933 2074 1966 accidentis
2099 1934 2152 1965 vel

682 1994 832 2027 caritatis
856 1994 898 2026 sit
930 1993 1021 2025 idem
1047 1992 1239 2024 secundum
1265 2002 1335 2023 rem
1361 2002 1439 2023 cum
1465 1991 1625 2029 essentia,
1651 1997 1684 2022 et
1715 1991 1764 2023 sic
1791 2002 1860 2023 non
1889 1991 2001 2033 possit
2024 1992 2153 2024 habere

682 2052 792 2095 magis
819 2058 852 2084 et
880 2051 993 2083 minus
1017 2050 1210 2082 secundum
1236 2060 1314 2081 esse
1343 2049 1395 2080 vel
1420 2048 1547 2087 inesse,
1577 2059 1642 2080 nec
1674 2049 1784 2091 possit
1817 2049 1926 2092 magis
1952 2049 2067 2081 inesse
2100 2049 2153 2081 vel

681 2109 826 2143 radicari
852 2109 885 2141 in
911 2109 1069 2140 subiecto
1095 2107 1160 2139 nisi
1185 2107 1286 2139 etiam
1313 2107 1505 2138 secundum
1533 2106 1718 2138 essentiam
1737 2113 1916 2149 augeatur,
1942 2113 2057 2139 tamen
2082 2118 2153 2139 non

682 2168 805 2201 dicitur
829 2166 949 2210 augeri
974 2166 1167 2199 secundum
1197 2164 1394 2202 essentiam,
1423 2164 1503 2205 quia
1529 2165 1595 2196 hoc
1621 2165 1714 2206 quod
1740 2166 1890 2196 essentia
1908 2165 2011 2197 habet
2036 2165 2152 2206 aliquo

682 2227 788 2258 modo
821 2224 932 2267 magis
963 2230 996 2256 et
1029 2223 1152 2262 minus,
1183 2224 1250 2255 hoc
1279 2233 1348 2254 non
1382 2221 1553 2265 contingit
1581 2221 1612 2254 ei
1643 2232 1684 2254 ex
1717 2222 1849 2254 ratione
1882 2222 2065 2260 essentiae,
2090 2223 2152 2255 sed

682 2295 723 2316 ex
763 2282 903 2315 inesse⁴
940 2282 974 2314 in
1006 2281 1164 2313 subiecto
1199 2291 1241 2312 ex
1276 2280 1405 2312 maiore
1443 2279 1670 2321 dispositione
1703 2280 1849 2312 subiecti
1883 2286 1915 2312 et
1947 2280 2153 2322 perfectiore

682 2341 805 2373 virtute
830 2340 964 2383 agentis
993 2345 1026 2371 et
1051 2345 1174 2371 cetera.
1201 2338 1289 2370 Cum
1315 2348 1399 2381 ergo
1424 2337 1548 2369 dicitur
1583 2338 1677 2379 quod
1714 2337 1797 2369 illud
1829 2337 1927 2370 cuius
1960 2338 2046 2370 ratio
2071 2348 2153 2370 con-

682 2399 770 2431 sistit
801 2398 835 2430 in
867 2397 982 2439 aliquo
1019 2396 1215 2429 indivisibili
1252 2406 1323 2427 non
1349 2395 1498 2427 variatur
1529 2406 1591 2437 per
1621 2395 1806 2428 essentiam
1843 2396 1964 2428 eadem
2001 2395 2153 2428 essentia

682 2462 854 2495 manente,
880 2455 1066 2488 dicendum
1099 2454 1193 2496 quod
1228 2464 1346 2486 verum
1371 2459 1444 2491 est;
1469 2453 1618 2484 variatur
1653 2459 1768 2485 tamen
1793 2453 1944 2486 essentia
1979 2464 2041 2496 per
2065 2453 2153 2486 acci-

683 2515 770 2546 dens
795 2514 887 2546 dicto
913 2513 1018 2545 modo
1044 2518 1077 2545 et
1101 2517 1225 2544 cetera.

773 2701 918 2735 ¹augetur
937 2699 967 2725 P.
988 2714 1020 2717 —-
1041 2698 1051 2713 ‘³
1066 2697 1134 2733 quia
1154 2697 1184 2723 P.
1207 2713 1238 2716 -
1258 2698 1268 2712 ³
1283 2700 1422 2732 quantum
1443 2696 1479 2722 ad
1501 2696 1532 2722 V.
1553 2712 1585 2715 —
1606 2698 1615 2711 ⁴
1630 2704 1694 2723 esse
1714 2697 1747 2723 V.
