2493 3458
509 1341 574 1367 cod.
589 1341 614 1367 V

481 1376 530 1403 fol.
541 1378 593 1403 269
604 1377 645 1403 Vb

673 446 721 470 142
1034 444 1224 471 MAGISTRI
1253 443 1471 472 GODEFRIDI
1502 440 1552 471 DE
1582 439 1778 472 FONTIBUS

671 546 741 566 non
769 534 938 576 recipiunt
963 534 1072 578 magis
1108 540 1141 566 et
1170 534 1293 573 minus,
1319 546 1380 576 per
1408 535 1476 566 hoc
1507 546 1576 566 non
1607 534 1741 566 videtur
1775 534 1916 578 intelligi
1950 535 2015 567 nisi
2047 535 2141 577 quod

672 592 777 624 virtus
811 598 844 624 et
872 598 993 624 natura
1028 592 1144 624 talium
1182 592 1380 633 qualitatum
1414 593 1482 624 hoc
1511 593 1614 624 habet
1642 592 1735 634 quod
1765 593 1956 625 secundum
1985 593 2141 625 diversos=

671 651 802 693 gradus
819 649 891 682 sive
916 650 1109 682 secundum
1136 649 1247 691 magis
1276 656 1308 682 et
1337 650 1450 682 minus
1475 650 1671 692 participari
1697 656 1799 682 natae
1824 656 1903 682 sunt
1928 662 1947 682 a
1972 650 2140 689 subiecto,

671 707 742 739 sive
775 708 967 740 secundum
993 707 1105 749 magis
1138 713 1171 739 et
1196 707 1309 739 minus
1338 714 1454 740 natum
1487 714 1538 739 est
1569 708 1763 740 subiectum
1798 708 1915 750 perfici
1948 708 2140 740 secundum

671 765 754 797 illas.
785 766 862 798 Hoc
897 771 1010 798 autem
1039 771 1091 797 est
1117 765 1270 807 recipere
1305 765 1414 807 magis
1449 772 1482 798 et
1516 765 1629 797 minus
1665 777 1735 797 non
1772 766 1964 798 secundum
1999 777 2046 805 se,
2079 766 2140 797 sed

671 824 864 855 secundum
891 834 968 855 esse
986 823 1019 855 in
1045 823 1213 862 subiecto,
1239 823 1311 855 sive
1337 824 1528 855 secundum
1555 823 1852 866 participationem
1877 823 2022 856 subiecti
2048 824 2141 865 quod

671 881 720 913 sic
745 881 948 922 contingere
974 886 1097 923 potest.
1125 881 1212 912 Nam
1245 881 1334 913 sicut
1359 881 1464 913 virtus
1491 882 1542 913 vel
1574 881 1728 923 potentia
1762 892 1798 913 se
1825 882 1929 913 habet
1954 882 1997 913 ad
2026 892 2141 925 agere,

669 939 719 971 sic
744 939 854 971 forma
879 939 933 971 vel
967 939 1119 972 essentia
1154 950 1191 971 se
1220 939 1325 970 habet
1355 939 1398 970 ad
1429 950 1507 971 esse
1537 939 1589 971 vel
1626 939 1813 971 formaliter
1838 939 2014 981 perficere.
2044 939 2142 971 Sicut

670 1007 755 1039 ergo
783 1008 850 1028 una
887 1002 920 1029 et
956 997 1077 1029 eadem
1114 997 1220 1028 virtus
1250 1002 1283 1029 et
1318 996 1482 1038 potentia,
1516 997 1542 1028 si
1580 996 1769 1028 subiciatur
1804 996 1834 1029 ei
1869 996 1996 1039 aliquid
2031 997 2142 1039 magis

670 1060 702 1086 et
727 1054 840 1086 minus
865 1054 1040 1096 passibile,
1066 1054 1176 1097 magis
1201 1060 1234 1086 et
1260 1054 1371 1086 minus
1397 1054 1477 1097 agit,
1505 1054 1548 1086 ita
1574 1055 1668 1096 quod
1697 1054 1884 1086 intenditur
1908 1061 1940 1086 et
1963 1054 2143 1087 remittitur

669 1112 759 1144 aetio
785 1112 929 1144 alicuius
954 1112 1089 1155 agentis
1114 1111 1186 1144 sive
1212 1111 1387 1154 potentiae
1413 1112 1465 1143 vel
1495 1112 1625 1144 virtutis
1651 1123 1691 1144 ex
1718 1112 1845 1144 maiore
1863 1118 1896 1144 et
1919 1112 2050 1144 minore
2074 1112 2141 1144 dis-

669 1169 841 1211 positione
867 1169 1005 1212 passivi‚
1024 1189 1064 1193 -—
1083 1169 1128 1201 ita
1153 1180 1222 1201 una
1246 1175 1279 1202 et
1303 1170 1424 1201 eadem
1453 1170 1571 1206 forma,
1590 1176 1691 1211 prout
1716 1169 1902 1212 suscipitur
1926 1170 1958 1201 in
1983 1169 2141 1202 subiecto

668 1227 779 1270 magis
815 1233 847 1259 et
875 1227 988 1259 minus
1025 1227 1206 1269 disposito,
1243 1228 1301 1259 dat
1329 1227 1359 1259 ei
1389 1227 1499 1270 magis
1533 1234 1566 1259 et
1602 1227 1714 1259 minus
1748 1238 1837 1266 esse,
1863 1227 1934 1259 sive
1963 1227 2073 1270 magis
2109 1234 2142 1260 et

669 1284 781 1316 minus
807 1284 938 1327 perficit
964 1285 1016 1316 vel
1041 1285 1174 1317 reducit
1200 1285 1311 1316 illnd¹
1348 1286 1390 1317 ad
1420 1291 1533 1317 actum
1564 1285 1755 1317 secundum
1786 1285 1875 1317 illam
1908 1285 2061 1317 formam.
2096 1285 2142 1318 Ut

669 1348 799 1384 quanto
840 1342 951 1385 magis
995 1344 999 1384 Ι
1039 1342 1233 1375 subiectum
1273 1343 1468 1385 disponitur
1508 1343 1552 1374 ad
1592 1342 1851 1385 susceptionem
1892 1341 2023 1375 forma'e
2063 1342 2141 1383 albi,

669 1405 765 1432 tanto
801 1401 879 1442 plus
919 1395 1100 1442 participat
1141 1401 1183 1432 de
1225 1400 1395 1438 albedine,
1432 1400 1511 1443 quia
1551 1400 1606 1432 illa
1650 1401 1771 1433 eadem
1819 1401 1945 1433 albedo
1985 1400 2141 1433 eiusdem

668 1458 797 1501 gradus
822 1458 1016 1490 essentialis
1034 1469 1122 1500 quae
1148 1458 1306 1491 subiecto
1331 1458 1538 1501 indisposito
1556 1459 1653 1491 daret
1669 1469 1747 1491 esse
1774 1458 1964 1498 remissum,
1983 1458 2141 1491 subiecto

669 1515 839 1558 disposito
864 1521 897 1548 et
921 1516 1106 1548 recedente
1132 1527 1151 1548 a
1175 1516 1348 1548 contrario
1370 1517 1428 1548 dat
1453 1527 1531 1548 esse
1557 1516 1740 1549 intensum.
1767 1516 1874 1549 Prout
1899 1527 1983 1560 ergo
2009 1517 2141 1549 formae

1895 1573 1906 1591 ²
1947 1574 2140 1607 secundum

668 1631 823 1664 diversas
862 1631 1120 1674 dispositiones,
1161 1633 1354 1665 secundum
1394 1633 1462 1664 hoc
1501 1632 1733 1665 diversimode
1772 1633 1901 1665 liabent
1937 1632 2069 1665 intendi
2108 1638 2142 1665 et

668 1574 798 1606 habent
833 1573 967 1606 causari
1010 1585 1029 1606 a
1078 1574 1221 1606 diversis
1257 1574 1443 1618 agentibus
1481 1580 1514 1606 et
1550 1574 1665 1607 inesse
1705 1574 1870 1607 subiectis

668 1689 802 1729 remitti,
827 1689 872 1722 ita
904 1695 1019 1722 tamen
1051 1691 1145 1732 quod
1179 1690 1395 1734 generaliter.
1429 1690 1456 1722 si
1489 1690 1682 1722 subiectum
1719 1690 1761 1722 sit
1797 1690 1908 1733 magis
1933 1690 2141 1732 dispositum

668 1748 712 1779 ad
748 1747 1007 1790 susceptionem
1047 1748 1188 1786 formae,
1227 1749 1305 1791 plus
1347 1748 1529 1791 participat
1570 1749 1613 1780 de
1657 1759 1698 1781 ea
1734 1748 1806 1781 sive
1842 1759 1916 1780 eam
1942 1748 2141 1791 ¹perfectius

668 1805 859 1848 participat,
886 1811 919 1838 et
943 1807 1048 1838 habet
1072 1817 1147 1838 eam
1174 1806 1415 1848 perfectiorem
1441 1813 1473 1838 et
1501 1806 1687 1849 perfectius
1713 1812 1745 1838 et
1774 1806 2062 1849 imperfectiorem
2087 1806 2139 1839 vel

669 1863 912 1906 imperfectius.

757 1921 828 1954 Sed
865 1921 999 1954 videtur
1048 1923 1143 1963 quod
1179 1922 1246 1954 isto
1282 1922 1387 1955 modo
1424 1922 1534 1965 magis
1560 1929 1593 1954 et
1629 1922 1742 1954 minus
1778 1922 1810 1954 in
1848 1923 1959 1954 forma
1993 1933 2063 1954 non
2099 1922 2142 1954 sit

668 1990 798 2021 ponere
824 1980 921 2021 [non]
948 1980 1140 2012 secundum
1166 1990 1214 2018 se,
1237 1981 1299 2012 sed
1325 1980 1358 2012 in
1384 1980 1458 2012 eius
1488 1980 1752 2023 participatione
1778 1991 1797 2012 a
1829 1980 1987 2012 subiecto
2019 1990 2141 2012 secun-

668 2037 749 2069 dum
775 2037 939 2069 maiorem
966 2044 999 2069 et
1024 2037 1190 2070 minorem
1216 2037 1480 2080 dispositionem
1510 2038 1666 2070 subiecti.
1697 2038 1784 2070 Cum
1812 2037 2011 2070 huiusmodi
2033 2037 2142 2070 maior

667 2100 701 2127 et
724 2094 836 2127 minor
859 2094 1042 2137 dispositio
1068 2095 1111 2127 sit
1137 2095 1239 2128 etiam
1269 2096 1439 2137 quaedam
1470 2096 1579 2128 forma
1608 2095 1831 2128 accidentalis
1867 2096 2001 2128 habens
2029 2095 2141 2139 magis

668 2158 701 2185 et
725 2152 848 2192 minus,
878 2158 911 2185 et
935 2163 1006 2185 non
1031 2158 1083 2185 est
1107 2152 1202 2185 abire
1226 2153 1259 2185 in
1285 2153 1466 2192 infinitum,
1493 2173 1533 2177 —
1560 2154 1654 2186 unde
1682 2154 1793 2197 magis
1824 2160 1858 2186 et
1885 2153 1998 2185 minus
2027 2153 2061 2185 in
2086 2153 2140 2185 illa

668 2210 778 2242 forma
804 2221 893 2252 quae
921 2211 1114 2243 secundum
1135 2210 1246 2254 magis
1269 2217 1302 2243 et
1326 2211 1440 2243 minus
1465 2211 1598 2253 perficit
1622 2211 1815 2243 subiectum
1841 2217 1893 2243 est
1918 2212 2050 2253 absque
2075 2211 2141 2243 alia

668 2268 906 2310 dispositione,
934 2287 972 2292 —
989 2274 1104 2310 potest
1128 2268 1196 2301 diei
1221 2269 1314 2310 quod
1339 2269 1526 2310 aliquando
1551 2269 1661 2301 forma
1686 2269 1800 2310 aliqua
1825 2269 1946 2311 recipit
1971 2268 2082 2312 magis
2107 2274 2141 2301 et

667 2325 780 2358 minus
812 2327 945 2368 absque
980 2327 1048 2358 hoc
1076 2326 1170 2368 quod
1200 2326 1382 2368 dispositio
1421 2327 1568 2359 subiecti
1602 2327 1744 2369 recipiat
1778 2326 1888 2370 magis
1921 2332 1955 2358 et
1991 2326 2104 2358 minus
2120 2325 2139 2358 ³.

755 2383 827 2416 Erit
855 2389 970 2416 tamen
999 2383 1033 2415 in
1061 2395 1132 2416 uno
1160 2384 1319 2416 subiecto
1346 2384 1454 2416 maior
1481 2384 1665 2427 dispositio
1693 2385 1737 2416 ad
1773 2384 1971 2416 huiusmodi
1995 2384 2140 2416 formam

668 2452 770 2483 quam
798 2441 833 2473 in
861 2441 938 2480 alio,
972 2447 1093 2484 utpote
1122 2442 1150 2473 si
1183 2441 1260 2474 talis
1291 2442 1473 2484 dispositio
1502 2453 1574 2474 non
1609 2442 1797 2474 innitatur⁴
1826 2441 1885 2474 uni
1913 2442 2044 2474 formae
2077 2442 2140 2474 sed

666 2499 832 2541 pluribus.
858 2499 947 2531 Nam
975 2499 1124 2531 calidum
1153 2505 1219 2531 stat
1247 2510 1325 2532 cum
1350 2499 1494 2532 humido
1520 2506 1554 2532 et
1582 2510 1660 2532 cum
1690 2500 1795 2539 sicco,
1824 2506 1858 2532 et
1885 2505 2000 2532 tamen
2029 2499 2139 2543 magis

667 2557 806 2599 propria
836 2557 978 2589 materia
1006 2557 1108 2590 calidi
1137 2563 1188 2590 est
1216 2557 1347 2590 siccum
1376 2569 1478 2600 quam
1512 2558 1701 2590 humidum.
1732 2558 1834 2590 Unde
1870 2557 1993 2590 eadem
2030 2557 2140 2589 forma

668 2614 791 2646 caloris
816 2625 905 2656 quae
933 2620 1074 2657 recepta
1098 2620 1151 2647 est
1174 2615 1208 2647 in
1234 2615 1375 2648 materia
1401 2615 1494 2647 sicca
1519 2615 1659 2648 habebit
1683 2626 1762 2648 esse
1790 2615 1974 2654 intensum⁷
1999 2620 2140 2657 recepta

758 2746 764 2759 ¹
779 2753 843 2772 eam
858 2745 890 2778 P,
904 2753 969 2771 eum
984 2745 1017 2771 V.
1034 2760 1066 2765 -—
1082 2745 1092 2760 ‘-’
1105 2745 1277 2771 substantiis
1291 2745 1321 2771 P.
1336 2761 1369 2764 —
1383 2746 1394 2761 ³
1409 2745 1520 2780 absque
1536 2761 1567 2764 —
1581 2745 1686 2779 minus]
1701 2754 1755 2771 om.
1770 2745 1800 2771 P.
1814 2761 1846 2764 -
1862 2747 1871 2760 ⁴
1886 2745 2014 2771 imitatur
2026 2744 2059 2771 V.
