2493 3458
775 437 949 464 TERTIUM
980 438 1276 472 QUODLIBETL'M,
1306 439 1341 473 Q.
1371 439 1410 464 u*
1769 442 1812 465 191

351 526 580 569 compositum
607 537 647 558 ex
673 527 813 558 materia
839 527 965 568 et[iam]
993 528 1103 559 forma
1128 527 1199 559 sive
1226 539 1268 559 ex
1292 528 1446 569 potentia
1471 534 1504 560 et
1522 534 1610 568 actu,
1629 529 1763 561 videtur
1781 541 1818 561 se

350 585 478 616 habere
510 585 553 615 ad
587 595 663 616 esse
697 584 898 616 existentiae
931 585 995 616 sibi
1028 586 1307 627 correspondens
1348 585 1435 618 sicut
1468 587 1607 618 materia
1640 598 1717 619 cum
1754 598 1818 619 suo

351 647 429 674 actu
455 642 669 673 substantiae
694 643 737 673 ad
763 653 840 673 esse
866 643 1146 684 correspondens
1172 643 1246 674 sibi.

439 700 480 731 Et
497 699 630 731 videtur
648 700 850 742 contingere
869 700 1028 741 deceptio
1048 701 1080 731 in
1099 701 1155 732 illo
1179 701 1277 732 simili
1295 703 1389 743 quod
1408 702 1501 743 prius
1522 703 1738 744 propositum
1757 709 1818 741 est,

351 768 392 789 ex
417 758 484 789 hoc
510 758 603 798 quod
628 757 784 789 extensio
814 757 895 789 dicit
919 758 1181 789 determinatum
1207 760 1351 798 gradum
1379 766 1411 791 et
1439 761 1579 791 modum
1609 761 1696 792 entis
1726 761 1820 802 quod

351 820 402 846 est
427 815 609 856 quantitas,
636 825 705 846 non
730 815 988 856 plurificabilem
1014 815 1047 846 in
1073 817 1195 847 eodem
1223 817 1380 848 subiecto
1407 818 1643 849 essentialiter.
1674 819 1715 849 Et
1741 818 1819 849 ideo

352 872 468 904 onmia
486 872 577 904 entia
595 872 628 903 in
648 878 791 904 extenso
810 872 866 903 tali
885 872 1086 904 extensione
1105 884 1175 904 non
1195 874 1355 905 (licuntur
1373 881 1514 907 extensa
1532 876 1686 917 pluribus
1705 882 1820 907 exten-

351 930 507 962 sionibus
525 930 684 968 realibus,
710 930 798 961 sicut
816 930 917 961 etiam
936 931 1061 962 albedo
1080 931 1161 962 dicit
1187 933 1360 972 quendam
1385 934 1530 975 gradum
1556 933 1819 965 determinatum

351 993 383 1019 et
408 988 548 1019 modum
575 987 662 1019 entis
692 988 785 1028 quod
815 993 866 1019 est
891 988 1046 1028 qualitas,
1073 999 1143 1020 non
1170 989 1429 1030 plurificabilem
1455 991 1488 1021 in
1515 992 1636 1022 eodem
1663 992 1820 1023 subiecto

352 1045 580 1077 essentialiter
611 1051 643 1076 et
676 1045 754 1076 ideo
788 1045 903 1076 omnia
937 1046 1029 1077 entia
1065 1046 1098 1077 in
1132 1047 1210 1077 albo
1245 1047 1319 1088 ipsa
1352 1048 1511 1079 albedine
1546 1055 1624 1080 sunt
1657 1050 1733 1080 alba
1765 1049 1821 1080 illa

352 1103 454 1135 unica
482 1103 642 1134 albedine
667 1103 710 1134 ab
736 1103 898 1134 omnibus
924 1103 1125 1145 participata
1156 1110 1187 1135 et
1221 1115 1291 1135 non
1322 1105 1476 1146 pluribus¹
1504 1107 1744 1145 albedinibus;
1770 1113 1821 1139 est

352 1161 440 1193 enim
475 1161 666 1192 substantia
700 1161 787 1194 albe„
822 1167 873 1192 est
905 1161 1107 1202 superficies
1133 1163 1210 1193 alba
1244 1163 1364 1194 eadem
1399 1164 1558 1196 albedine
1592 1170 1624 1196 et
1656 1165 1705 1196 sic
1738 1166 1741 1207 Ι
1779 1166 1821 1197 de

352 1218 434 1250 aliis.
462 1219 530 1250 Sed
557 1229 634 1249 esse
660 1219 752 1259 quod
786 1225 837 1250 est
871 1218 903 1249 id
936 1219 1048 1260 ipsum
1082 1220 1216 1251 realiter
1244 1221 1337 1261 quod
1368 1222 1517 1253 essentia
1548 1223 1601 1254 vel
1631 1224 1739 1254 forma
1768 1224 1822 1255 vel

351 1276 549 1307 huiusmodi
579 1278 643 1313 (est
676 1276 803 1317 aliquid
833 1276 925 1307 aliud
955 1278 1147 1308 secundum
1178 1278 1261 1309 istos
1297 1284 1410 1311 tamen
1436 1280 1544 1311 forma
1576 1281 1629 1312 vel
1659 1281 1821 1319 essentia)

352 1334 631 1375 consequentm*
656 1345 727 1365 non
757 1334 838 1365 dicit
867 1334 995 1375 aliquid
1024 1335 1074 1366 sic
1100 1336 1362 1368 determinatum
1393 1343 1424 1369 et
1450 1348 1519 1369 non
1554 1339 1821 1380 multiplicabile,

353 1392 456 1423 immo
490 1392 576 1423 sicut
610 1391 826 1433 multiplicari
860 1398 1007 1433 possunt
1041 1393 1170 1424 formae
1204 1395 1255 1425 vel
1290 1395 1462 1426 essentiae
1492 1396 1524 1427 in
1555 1397 1689 1435 eodem,
1715 1397 1764 1429 sic
1790 1404 1823 1429 et

352 1450 431 1481 talia
459 1460 537 1481 esse
565 1460 711 1481 necesse
742 1455 793 1480 est
821 1449 1046 1491 multiplicari.
1076 1451 1157 1482 Ideo
1187 1451 1265 1483 licet
1295 1453 1450 1483 extensio
1479 1454 1707 1486 essentialiter
1732 1455 1823 1487 dicat

351 1507 479 1548 aliquid
508 1518 615 1538 unum
644 1507 737 1538 dicto
766 1507 871 1538 modo
897 1508 991 1548 quod
1018 1508 1226 1550 participant
1255 1510 1369 1541 onmia
1399 1511 1432 1541 in
1462 1517 1606 1543 extenso
1632 1513 1821 1552 existentia,

353 1576 430 1597 esse
462 1570 577 1596 tamen
610 1565 803 1596 secundum
836 1576 873 1596 se
906 1576 975 1596 non
1010 1566 1060 1597 sic
1100 1566 1182 1597 dicit
1218 1567 1347 1608 aliquid
1380 1580 1486 1600 unum
1520 1570 1569 1601 sic
1601 1581 1674 1602 non
1714 1571 1823 1603 multi-

352 1623 521 1665 plicabile,
560 1622 664 1653 immo
698 1622 840 1653 omnino
873 1628 925 1654 est
958 1623 1226 1665 multiplicabile,
1259 1625 1338 1657 licet
1378 1637 1448 1657 non
1482 1627 1524 1658 sit
1564 1627 1597 1659 id
1637 1629 1733 1669 quod
1772 1634 1824 1660 est

353 1680 508 1712 extensio
538 1679 774 1712 essentialiter.
806 1680 894 1712 Cum
925 1681 1014 1712 enim
1045 1681 1178 1713 dicatur
1205 1684 1299 1723 quod
1329 1694 1406 1715 esse
1434 1684 1475 1715 sit
1509 1691 1544 1716 ut
1575 1685 1656 1727 quid
1689 1687 1824 1719 actuale

354 1744 386 1770 et
426 1738 569 1770 formale
608 1744 770 1779 respectu
811 1738 993 1777 essentiae,
1034 1739 1117 1771 nulli
1153 1740 1278 1781 poterit
1318 1748 1515 1783 competere
1553 1754 1630 1775 esse
1666 1744 1729 1776 nisi
1766 1745 1823 1777 illo

351 1796 564 1834 informetur,
598 1801 631 1827 et
663 1795 712 1827 sic
741 1806 811 1827 non
849 1796 1021 1828 sufficeret
1057 1798 1100 1828 ad
1133 1799 1200 1829 hoc
1233 1800 1326 1839 quod
1360 1799 1402 1831 sit
1430 1800 1568 1841 aliquid,
1598 1803 1691 1843 quod
1724 1802 1767 1834 sit
1790 1803 1824 1834 in

353 1853 520 1886 existente
539 1854 600 1885 sed
625 1854 718 1895 quod
744 1853 856 1895 ipsum
883 1854 1015 1885 formali
1041 1866 1104 1886 suo
1131 1866 1208 1887 esse
1234 1856 1364 1888 existat.
1391 1858 1469 1889 Non
1489 1858 1538 1890 sic
1563 1865 1677 1891 autem
1704 1860 1826 1892 dicitur

353 1912 447 1953 quod
480 1911 636 1943 extensio
670 1922 707 1943 56
739 1912 866 1943 habeat
901 1917 936 1943 ut
969 1912 1051 1953 quid
1085 1913 1227 1945 formale
1261 1920 1293 1945 et
1333 1916 1467 1947 actuale
1500 1922 1660 1958 respectu
1693 1919 1825 1950 extensi

353 1968 601 2008 universaliter,
635 1969 697 2000 sed
730 1969 842 2000 solum
882 1975 1042 2011 respectu
1082 1971 1212 2002 extensi
1255 1972 1364 2012 primo
1406 1979 1437 2004 et
1477 1985 1538 2015 per
1570 1985 1607 2006 se
1641 1976 1734 2016 quod
1775 1982 1827 2008 est

354 2026 495 2058 materia
524 2037 602 2058 cum
631 2027 741 2057 forma
769 2027 994 2058 substantiali.
1023 2028 1064 2058 Et
1092 2027 1171 2060 ideo
1201 2040 1273 2060 non
1302 2036 1437 2071 oportet
1465 2032 1575 2072 quas2
1604 2044 1673 2064 non
1703 2044 1764 2075 per
1789 2045 1825 2065 56

354 2085 404 2116 sic
443 2085 676 2116 extenduntur
706 2085 858 2116 habeant
899 2084 997 2116 aliam
1039 2086 1277 2118 extensionem
1315 2088 1493 2120 formalem
1527 2101 1594 2130 qua
1634 2091 1683 2122 sic
1724 2091 1826 2123 infor-

355 2147 498 2181 mentur,
529 2142 590 2173 sed
619 2141 743 2173 sufficit
776 2143 870 2183 quod
899 2142 966 2173 sint
995 2154 1100 2174 unum
1131 2154 1207 2175 cum
1238 2155 1299 2186 per
1327 2156 1364 2177 se
1394 2152 1547 2178 extenso.
1578 2148 1625 2179 Ita
1652 2149 1754 2180 etiam
1783 2151 1826 2181 de

355 2199 428 2231 aliis
461 2199 579 2231 formis
612 2199 906 2231 substantialibus.
940 2201 1028 2231 Nam
1062 2201 1188 2233 albatio
1214 2213 1286 2233 non
1320 2214 1356 2234 se
1389 2204 1493 2235 habet
1522 2211 1557 2236 ut
1583 2206 1664 2246 quid
1683 2207 1826 2239 formale

355 2263 387 2289 et
426 2258 560 2288 actuale
596 2262 756 2299 respectu
790 2257 943 2288 omnium
976 2269 1064 2298 quae
1096 2259 1291 2291 albedinem
1325 2261 1440 2302 aliquo
1473 2263 1576 2294 modo
1609 2264 1825 2306 participant,

355 2316 416 2347 sed
446 2320 606 2356 respectu
636 2315 841 2356 superficiei.
877 2315 959 2346 Ideo
995 2327 1064 2347 non
1098 2323 1234 2358 oportet
1268 2329 1356 2359 quae
1385 2330 1446 2360 per
1470 2330 1506 2351 se
1541 2332 1611 2352 non
1638 2327 1717 2353 sunt
1750 2323 1827 2354 alba

355 2373 507 2404 habeant
548 2372 649 2403 aliam
686 2372 882 2404 albedinem
922 2373 1101 2405 formalem
1135 2385 1201 2415 qua
1242 2375 1291 2406 sic
1331 2376 1568 2410 informentur.
1606 2379 1667 2410 sed
1703 2380 1827 2412 sufficit

356 2431 450 2472 quod
486 2430 552 2461 sint
585 2441 691 2461 unum
720 2440 798 2461 cum
835 2441 896 2471 per
920 2441 957 2462 se
990 2431 1078 2469 albo,
1105 2432 1198 2472 quod
1227 2438 1321 2474 patet
1346 2433 1404 2465 sic.
1439 2434 1475 2466 Si
1508 2435 1597 2467 enim
1634 2437 1827 2469 accidentia

356 2487 481 2529 quibus
514 2498 584 2518 non
618 2487 781 2519 convenit
813 2488 951 2519 extendi
988 2499 1048 2529 per
1088 2500 1134 2525 se,
1164 2490 1225 2521 sed
1259 2491 1368 2522 solum
1410 2492 1489 2532 quia
1522 2494 1650 2524 habent
1683 2506 1760 2527 esse
1793 2495 1826 2526 in

357 2551 501 2577 extenso
530 2545 623 2586 quod
645 2551 696 2576 est
724 2545 916 2576 substantia
945 2556 1034 2586 quae
1063 2552 1113 2578 est
1144 2558 1204 2588 per
1229 2558 1265 2579 56
1292 2548 1483 2580 subiectum
1510 2551 1719 2591 quantitatis,
1745 2553 1828 2584 fiant

357 2604 549 2635 secundum
578 2613 616 2635 se
643 2608 802 2644 separata
827 2603 902 2635 sine
930 2604 1132 2653 substantia,
1162 2606 1214 2636 vel
1243 2612 1445 2648 separentur
1471 2619 1489 2639 a
1514 2609 1707 2641 substantia
1731 2621 1828 2658 prae-

447 2727 455 2741 ¹
470 2735 654 2762 consequens
671 2727 704 2752 V.
719 2742 751 2745 —
767 2727 776 2742 ²
791 2726 869 2762 quod
886 2727 916 2753 V.

1878 1165 1941 1191 cod.
1956 1166 1981 1191 V

1844 1200 1893 1227 fol.
1909 1202 1960 1227 276
1974 1201 2014 1227 Ra
