2493 3458
508 1876 572 1902 cod.
586 1876 611 1902 V

479 1911 528 1938 fol.
541 1914 593 1938 ⁴269
607 1912 647 1938 Ra

673 415 721 438 136
906 418 912 423 ·
1034 413 1223 439 MAGISTRl
1255 413 1471 439 GODEFRlDl
1503 413 1553 440 DE
1583 413 1779 440 FONTIBUS

671 503 763 544 quod
793 502 893 534 etiam
925 502 1070 544 primum
1100 508 1132 534 et
1166 514 1225 544 per
1253 513 1291 535 se
1319 502 1520 535 obiectuin¹
1549 502 1743 535 intellectus
1776 503 1818 535 sit
1845 503 1990 546 primum
2023 515 2085 537 ens
2110 511 2143 538 et

671 560 786 591 omnia
823 561 887 592 alia
920 560 952 591 in
990 566 1155 601 quantum
1192 561 1451 601 quodammodo
1485 560 1690 602 participant
1723 561 1890 593 rationem
1923 562 2022 604 primi
2054 562 2142 595 entis

671 623 703 650 et
728 618 982 649 attributionem
1010 619 1139 649 liabent
1164 618 1206 649 ad
1236 618 1365 660 ipsu1n3
1396 624 1432 650 ut
1460 618 1509 649 sic
1535 624 1567 650 et
1595 629 1656 660 per
1681 630 1718 650 se
1747 618 1920 651 obiectum
1946 618 2144 652 «intellectus

671 676 738 707 sint
756 686 818 708 ens
843 676 935 717 quod
962 681 1014 707 est
1039 675 1241 714 substantia,
1267 681 1301 707 et
1326 675 1512 718 praecipue
1538 675 1731 707 substantia
1749 675 1867 718 prima,
1886 682 1919 708 et
1937 676 2053 709 omnia
2077 677 2143 710 alia

671 733 761 765 entia
787 734 979 765 secundum
1005 734 1098 764 hunc
1123 733 1279 765 ordinem
1305 739 1338 765 et
1363 733 1628 765 attributionem.

760 791 815 823 Ad
845 792 911 823 hoc
941 791 1086 833 primum
1116 790 1301 827 obiectum,
1333 797 1454 823 contra
1483 791 1639 823 dicentes
1668 791 1761 832 quod
1795 791 1989 824 intellectus
2025 797 2144 825 noster

670 849 764 880 nullo
790 849 895 880 modo
921 855 1034 890 potest
1070 859 1110 880 ex
1149 848 1361 880 naturalibus
1397 859 1614 890 cognoscere
1643 849 1790 890 aliquam
1827 849 2055 882 substantiam
2084 850 2143 882 im-

670 907 818 938 mediate
855 906 1027 938 intellectu
1065 905 1250 944 essentiali,
1287 907 1348 938 sed
1382 907 1493 938 solum
1526 906 1827 947 arguinentative²
1863 913 1896 939 et
1931 913 2056 946 cetera,
2090 908 2142 940 vel

671 970 784 1006 potest
813 964 879 996 (lici
905 964 998 1005 quod
1024 964 1067 995 ad
1093 963 1256 995 unitatem
1283 963 1409 996 obiecti
1434 963 1611 1005 potentiae
1636 964 1877 1003 immaterialis,
1896 976 1986 1006 quae
2010 965 2143 998 ratione

670 1033 754 1054 suae
783 1021 1075 1053 immaterialitatis
1104 1027 1137 1053 et
1168 1021 1410 1053 abstractionis
1439 1033 1457 1053 a
1474 1022 1485 1037 ³
1510 1021 1650 1053 materia
1675 1032 1765 1063 quae
1794 1028 1873 1054 nata
1902 1023 1981 1054 est¹
2005 1028 2141 1055 eontra-

671 1081 752 1112 here
781 1085 814 1111 et
846 1079 999 1118 limitare,
1032 1080 1187 1120 habe[n]t
1222 1080 1395 1120 quandam
1427 1079 1627 1111 intinitatem
1664 1085 1696 1111 et
1729 1079 1808 1112 ideo
1843 1080 1996 1112 extendit
2028 1092 2066 1112 se
2098 1080 2142 1112 ad

672 1137 803 1169 infinita
836 1137 1095 1178 quodaminodo
1128 1137 1200 1168 sive
1233 1137 1276 1168 ad
1315 1137 1396 1168 nihil
1436 1148 1541 1168 unum
1575 1137 1830 1176 determinatur,
1871 1138 1996 1170 sufficit
2028 1138 2143 1171 huius-

671 1195 764 1226 modi
783 1195 895 1226 unitas
913 1194 1106 1235 analogiae,
1133 1195 1224 1226 unde
1249 1194 1411 1236 quicquid
1440 1201 1491 1226 est
1516 1194 1588 1226 sive
1613 1195 1827 1227 substantiae
1853 1195 1924 1227 sive
1950 1195 2142 1228 accidentis

671 1253 743 1285 sive
784 1253 1034 1294 cuiuscumque
1074 1252 1211 1284 alterius
1251 1252 1284 1284 in
1325 1258 1489 1293 quantum
1531 1253 1806 1294 unumquodque
1851 1254 1954 1285 habet
1993 1253 2142 1296 aliquam

671 1310 846 1342 entitatem
877 1321 916 1342 ex
948 1322 985 1341 se
1012 1310 1084 1342 sive
1113 1321 1154 1341 ex
1179 1310 1250 1341 suis
1284 1310 1462 1352 principiis
1496 1310 1548 1341 vel
1580 1316 1696 1341 natum
1727 1316 1778 1342 est
1807 1311 1936 1343 habere
1965 1311 2141 1344 obiectum

671 1368 757 1400 illius
781 1367 956 1409 potentiae
983 1378 1071 1408 quae
1090 1367 1221 1399 ratione
1246 1378 1330 1399 suae
1356 1367 1554 1409 praedictae
1573 1367 1747 1399 infinitatis
1772 1368 1815 1400 ad
1841 1368 1969 1400 nullum
1991 1369 2142 1411 speciale

670 1437 732 1458 ens
770 1425 1024 1457 determinatur.
1059 1426 1132 1457 Nec
1165 1425 1346 1466 requiritur
1382 1425 1476 1467 quod
1510 1425 1583 1457 eius
1615 1436 1677 1467 per
1712 1436 1749 1457 se
1778 1425 1952 1458 obiectum
1982 1426 2143 1469 importet

670 1483 817 1525 aliquam
843 1483 1011 1514 rationem
1042 1494 1145 1514 unam
1174 1483 1368 1521 univocam,
1398 1483 1486 1514 sicut
1514 1483 1696 1524 requiritur
1727 1483 1761 1515 in
1790 1482 1863 1515 aliis
1891 1484 1935 1516 ad
1965 1484 2141 1517 materiam

670 1547 702 1573 et
727 1541 954 1573 condiciones
979 1540 1172 1573 materiales
1197 1541 1385 1573 contractis
1411 1547 1443 1573 et
1468 1540 1627 1572 limitatis.

758 1599 800 1631 Et
825 1599 874 1631 sic
911 1604 1004 1641 patet
1039 1599 1134 1640 quod
1170 1598 1248 1630 licet
1284 1599 1448 1630 accidens
1484 1604 1517 1630 et
1549 1598 1741 1630 substantia
1774 1599 1967 1631 secundum
2005 1610 2075 1632 rem
2109 1606 2143 1633 et

668 1657 861 1689 secundum
891 1667 969 1689 esse
1002 1662 1145 1688 naturae
1174 1656 1310 1688 diversa
1342 1656 1409 1688 sint
1436 1667 1577 1697 genere,
1606 1662 1721 1688 tamen
1751 1657 1942 1689 secundum
1973 1657 2141 1690 rationem

669 1715 796 1747 obiecti
825 1721 857 1747 et
890 1720 1004 1747 cetera
1031 1725 1101 1746 non
1131 1714 1293 1746 differunt
1319 1720 1479 1756 respectu
1509 1714 1712 1746 intellectus.
1742 1715 1843 1747 Unde
1873 1715 1962 1747 sicut
1989 1726 2060 1748 non
2089 1722 2142 1748 est

670 1773 734 1805 alia
759 1772 903 1805 scientia
929 1773 972 1804 de
1001 1772 1193 1804 substantia
1219 1778 1251 1804 et
1280 1772 1462 1804 accidente
1480 1778 1515 1804 ut
1543 1772 1737 1804 attribuitur
1762 1773 1987 1812 substantiae,
2006 1773 2051 1805 ita
2075 1784 2142 1807 nec

669 1837 720 1863 est
749 1830 813 1862 alia
842 1830 996 1873 potentia
1012 1830 1024 1845 ⁶
1047 1830 1183 1862 animae
1204 1836 1240 1861 ut
1269 1835 1321 1862 est
1345 1829 1521 1870 cognitiva
1546 1830 1760 1862 substantiae
1785 1836 1819 1862 et
1843 1830 2034 1863 accidentis
2057 1837 2094 1863 ut
2109 1831 2141 1864 ei

669 1888 870 1928 attribuitur,
889 1888 968 1920 licet
985 1888 1144 1920 differant
1173 1891 1178 1928 Ι
1209 1898 1348 1929 genere.
1375 1887 1417 1919 Et
1441 1887 1520 1920 ideo
1545 1887 1680 1919 videtur
1703 1887 1796 1929 quod
1815 1887 1849 1919 in
1872 1887 1949 1930 ipso
1966 1888 2140 1922 intellectu

668 1958 739 1979 non
770 1947 812 1978 sit
841 1957 970 1988 ponere
1005 1945 1158 1977 diversas
1194 1945 1368 1987 potentias
1395 1945 1531 1977 realiter
1559 1945 1757 1978 differentes
1786 1952 1946 1988 respectu
1981 1957 2142 1988 quorum-

668 2015 816 2046 cumque
846 2003 1128 2047 intelligiliilium3
1155 2009 1187 2035 et
1216 2003 1266 2035 sic
1294 2003 1322 2034 si
1351 2002 1578 2035 scientificum
1605 2009 1638 2035 et
1663 2003 1938 2036 ratiocinativum
1965 2005 2008 2036 ad
2026 2004 2140 2046 ipsum

667 2063 877 2095 intellectum
906 2061 1127 2093 seeundums·
1151 2071 1189 2093 se
1217 2061 1417 2099 referantur,
1446 2060 1632 2092 dicendum
1661 2061 1755 2102 quod
1785 2072 1855 2093 non
1885 2067 1966 2093 sunt
1982 2061 2140 2095 diversae

667 2120 843 2163 potentiae
869 2119 1003 2151 realiter
1031 2119 1231 2151 differentes
1259 2118 1350 2151 circa
1375 2118 1487 2160 ipsum
1517 2118 1749 2150 intellectum:
1786 2125 1931 2161 uterque
1966 2119 2057 2152 enim
2087 2126 2140 2152 est

668 2178 822 2220 potentia
839 2177 988 2220 passiva,
1007 2183 1039 2208 et
1057 2176 1106 2209 sic
1124 2182 1241 2208 essent
1259 2176 1374 2218 plures
1403 2175 1597 2208 intellectus
1622 2176 1816 2218 possibiles,
1843 2187 1948 2218 quare
1973 2182 2006 2209 et
2023 2177 2140 2220 plures

667 2241 822 2279 agentes.

754 2293 1011 2330 Verumtamen,
1048 2291 1127 2334 quia
1160 2292 1203 2323 ad
1240 2292 1307 2323 hoc
1343 2291 1462 2323 dividit
1494 2291 1662 2323 rationem
1700 2291 1934 2334 Philosophus
1970 2292 2005 2324 in
2040 2298 2138 2325 sexto

666 2351 865 2383 Ethicorum
899 2350 932 2382 in
966 2349 1145 2392 principio,
1179 2355 1215 2381 ut
1247 2349 1396 2391 accipiat
1423 2349 1698 2381 ratiocinativum
1734 2349 1769 2381 in
1797 2360 1866 2391 quo
1902 2350 2033 2382 habent
2060 2361 2139 2383 esse

665 2409 803 2441 habitus
839 2407 981 2450 practici
1014 2407 1075 2440 et⁷
1111 2407 1299 2449 praecipue
1335 2406 1519 2448 prudentia
1555 2407 1599 2439 de
1632 2417 1699 2448 qua
1732 2407 1964 2449 principaliter
1997 2407 2068 2451 agit
2103 2407 2138 2440 in

665 2472 784 2505 sexto3
815 2486 854 2489 —
883 2466 959 2508 ipse
988 2471 1102 2497 autem
1131 2465 1165 2497 in
1194 2465 1317 2497 eodem
1347 2470 1445 2497 sexto
1475 2464 1556 2497 dicit
1574 2466 1620 2505 (l)
1648 2465 1742 2506 quod
1774 2465 1959 2507 prudentia
1986 2476 2057 2497 non
2086 2471 2138 2498 est

756 2609 761 2623 ¹
771 2617 825 2634 om.
834 2608 863 2634 P.
873 2624 905 2627 —
915 2608 925 2622 ‘³
934 2606 1152 2642 augmentative
1162 2607 1191 2632 P.
1202 2623 1233 2625 —
1243 2606 1330 2632 ³i111’.
1345 2622 1374 2624 —
1388 2608 1395 2621 ¹
1405 2615 1459 2632 om.
1468 2606 1498 2632 P.
1506 2622 1537 2625 —
1548 2607 1558 2621 ⁵
1567 2606 1731 2633 substantia
1740 2607 1771 2633 P.
1782 2622 1813 2625 ——-
1823 2607 1834 2621 ⁰
1842 2615 1896 2633 om.
1906 2607 1977 2634 P.—
1989 2608 1996 2622 ἵ
2007 2607 2093 2634 etiam
2103 2608 2137 2634 V.

754 2712 792 2743 (1)
824 2710 855 2736 C.
876 2712 891 2737 9
920 2717 959 2746 (p.
982 2711 1070 2741 1142).
1100 2706 1158 2734 ’Ὁτι
1182 2706 1222 2740 6‘r',
1246 2706 1368 2742 φρόνησις
1392 2706 1441 2733 οὐκ
1462 2706 1605 2740 ἐπιστήμη,
1631 2707 1750 2742 φανερόν·
1775 2710 1821 2734 τοῦ
1845 2708 1896 2744 γὰρ
1919 2706 2034 2745 ἑτήάτου
2057 2707 2136 2739 ἐστίν,
