2493 3458
684 423 735 453 222
1039 425 1231 454 MAGISTRl
1268 426 1487 455 GODEFRIDI
1517 427 1568 454 DE
1597 426 1793 455 FONTOEUS

1260 660 1498 700 QUAESTIO
1524 660 1583 692 ΧΗ

1331 754 1512 787 (LONGA).

887 859 1029 897 Utrum
1059 872 1159 896 uxor
1186 859 1314 908 possit
1341 859 1439 895 dare
1468 859 1749 908 eleemosynam
1782 859 1904 896 invito
1933 862 1968 896 et

1181 925 1477 962 contradicente
1506 926 1661 963 marito.

773 1090 829 1122 Ad
855 1090 1047 1122 secundum
1084 1089 1338 1131 praedictorum
1374 1088 1424 1121 sic
1455 1089 1654 1131 proceditur
1691 1095 1722 1121 et
1759 1089 1912 1131 arguitur
1945 1090 2039 1131 quod
2073 1100 2159 1122 uxor

684 1154 798 1190 potest
833 1148 916 1180 dare
960 1147 1218 1189 eleemosynam
1266 1146 1372 1178 invito
1413 1152 1446 1178 et
1485 1147 1746 1179 contradicente
1787 1147 1917 1185 marito,
1957 1147 2037 1188 quia
2076 1147 2157 1179 illud

684 1212 824 1248 propter
863 1205 957 1247 quod
997 1204 1119 1246 aliquis
1158 1205 1318 1236 laudatur
1353 1215 1424 1236 non
1458 1205 1569 1236 solum
1603 1211 1655 1236 est
1690 1204 1816 1236 licitum
1855 1205 1916 1236 sed
1957 1205 2156 1236 virtuosum.

684 1264 754 1296 Sed
782 1263 882 1295 beata
920 1262 1027 1295 Lucia
1063 1262 1327 1294 commendatur
1363 1272 1403 1294 ex
1440 1262 1508 1293 hoc
1547 1262 1641 1303 quod
1673 1262 1914 1304 eleemosynas
1950 1262 2055 1294 dabat
2079 1262 2157 1294 irre-

683 1321 820 1363 quisito,
846 1320 950 1352 immo
975 1320 1077 1352 etiam
1102 1331 1173 1351 non
1199 1319 1443 1352 consentiente
1468 1330 1611 1362 sponso.
1638 1320 1756 1360 Quare
1781 1325 1814 1351 et
1839 1326 1963 1352 cetera.

772 1378 912 1410 Contra.
945 1377 1147 1410 Secundum
1180 1377 1467 1419 Apostolumss),
1497 1377 1606 1419 prima
1637 1377 1683 1408 ad
1718 1377 1928 1413 Corinthios
1960 1377 2155 1416 undecimo,

682 1436 732 1468 vir
767 1441 820 1469 est
859 1441 962 1478 caput
998 1435 1149 1468 mulieris
1186 1440 1219 1467 et
1255 1441 1379 1467 cetera.
1418 1434 1515 1467 Sicut
1549 1445 1634 1477 ergo
1670 1435 1824 1467 membra
1860 1435 2015 1477 corporis
2051 1435 2157 1478 capiti

681 1495 830 1526 subsunt
870 1499 903 1526 et
942 1494 985 1525 ab
1031 1493 1109 1536 ipso
1152 1499 1329 1536 reguntur,
1373 1493 1418 1525 ita
1458 1498 1491 1524 et
1533 1493 1654 1524 mulier
1689 1493 1793 1525 debet
1829 1494 1974 1525 subesse
2013 1492 2086 1525 viro
2123 1498 2156 1525 et

680 1551 867 1595 gubernari
913 1552 957 1583 ab
996 1551 1084 1594 ipso.
1126 1551 1197 1584 Sed
1233 1551 1291 1592 qui
1331 1551 1436 1583 debet
1475 1550 1661 1593 gubernari
1702 1557 1735 1583 et
1774 1550 1847 1593 regi
1887 1551 1930 1582 ab
1966 1551 2043 1589 alio,
2084 1561 2155 1583 non

681 1610 785 1642 debet
810 1609 925 1642 facere
950 1608 1078 1651 aliquid
1104 1615 1225 1642 contra
1257 1608 1331 1640 eius
1356 1609 1569 1641 voluntatem
1594 1609 1648 1640 vel
1674 1608 1953 1651 prohibitionem.
1980 1609 2098 1649 Quare
2123 1614 2156 1641 et

680 1673 806 1700 cetera.

768 1725 964 1758 Dicendum
1001 1725 1097 1766 quod
1133 1735 1211 1757 curn
1248 1724 1363 1756 nullus
1409 1724 1520 1767 possit
1555 1723 1684 1766 aliquid
1722 1725 1804 1756 dare
1844 1725 1916 1757 sive
1956 1724 1999 1756 de
2039 1723 2154 1766 aliquo

680 1784 938 1825 eleemosynam
964 1783 1078 1815 facere
1103 1782 1169 1814 nisi
1194 1793 1258 1825 pro
1283 1788 1413 1824 quanto
1437 1783 1542 1815 habet
1574 1782 1627 1814 ius
1663 1787 1696 1814 et
1732 1782 1922 1814 dominium
1960 1781 1993 1814 in
2029 1781 2084 1813 illa
2119 1792 2155 1814 re

679 1842 732 1873 vel
757 1847 924 1883 quantum
941 1841 985 1873 ad
1011 1840 1255 1882 proprietatem
1281 1846 1314 1873 et
1338 1841 1475 1882 plenam
1501 1840 1773 1882 possessionem,
1799 1846 1832 1872 et
1858 1850 1898 1872 ex
1924 1839 2154 1881 consequenti

679 1905 845 1941 quantum
871 1899 914 1930 ad
940 1898 1249 1940 dispensationem,
1274 1898 1327 1930 vel
1359 1898 1480 1930 saltem
1507 1904 1671 1940 quantum
1701 1898 1745 1929 ad
1773 1897 2082 1940 dispensationem,
2111 1916 2152 1920 —

678 1957 723 1988 illi
748 1957 806 1999 qui
831 1957 979 1989 subsunt
1004 1956 1078 1988 aliis
1103 1961 1270 1998 quantum
1295 1956 1339 1987 ad
1364 1955 1524 1998 proprias
1552 1966 1723 1997 personas
1749 1962 1782 1987 et
1806 1956 1899 1987 bona
1924 1955 2093 1987 exteriora
2118 1954 2153 1986 in

678 2020 845 2057 quantum
863 2014 926 2046 illis
949 2015 1107 2053 subsunt,
1132 2024 1198 2046 nec
1223 2013 1266 2046 de
1291 2024 1329 2046 se
1354 2013 1439 2056 ipsis
1464 2024 1530 2046 nee
1555 2014 1599 2045 de
1623 2013 1726 2045 bonis
1751 2013 1979 2045 exterioribus
2005 2018 2155 2055 possunt

677 2072 726 2105 uti
749 2078 870 2105 contra
894 2072 1106 2104 voluntatem
1132 2077 1165 2104 et
1189 2077 1414 2114 praeceptum
1439 2070 1637 2113 superioris,
1663 2071 1744 2112 quia
1768 2071 1802 2102 in
1828 2077 1960 2103 tantum
1985 2070 2019 2102 in
2045 2081 2152 2112 quan-

676 2137 747 2162 tum
795 2130 988 2163 secundum
1035 2129 1099 2161 ista
1146 2129 1304 2168 subsunt,
1352 2128 1568 2171 dispensatio
1615 2135 1648 2161 et
1694 2128 1878 2171 dispositio
1925 2128 2058 2160 illorum
2108 2128 2153 2160 ad

676 2188 891 2231 superiorem
931 2187 1088 2230 pertinet.
1128 2187 1231 2220 Unde
1271 2197 1349 2218 eum
1390 2187 1584 2219 monachus
1623 2187 1677 2219 vel
1712 2186 1896 2230 religiosus
1937 2186 2048 2218 subsit
2086 2196 2152 2218 suo

676 2245 856 2288 superiori,
881 2250 1047 2287 quantum
1073 2245 1117 2277 ad
1141 2255 1327 2287 personam
1352 2245 1527 2287 propriam
1553 2250 1587 2277 et
1611 2250 1778 2286 quantum
1803 2244 1847 2276 ad
1871 2244 1966 2276 bona
1983 2243 2152 2276 exteriora

676 2304 802 2346 quibus
826 2303 931 2336 utitur
954 2304 1107 2335 humana
1131 2302 1307 2345 fragilitas,
1345 2313 1407 2344 pro
1432 2308 1564 2344 quanto
1600 2312 1637 2334 se
1663 2302 1697 2334 in
1730 2301 1856 2334 talibus
1892 2300 2061 2343 superiori
2086 2311 2151 2334 suo

675 2361 832 2400 subiecit,
857 2372 930 2393 non
965 2365 1081 2403 potest
1105 2361 1149 2393 de
1173 2371 1211 2392 se
1247 2360 1324 2402 ipso
1349 2370 1415 2392 nec
1446 2360 1489 2392 de
1513 2359 1713 2392 huiusmodi
1747 2359 1849 2391 bonis
1882 2359 1997 2391 facere
2022 2358 2150 2401 aliquid

675 2425 796 2452 contra
820 2419 895 2452 eius
912 2419 1143 2457 voluntatem3
1168 2418 1273 2450 immo
1299 2417 1400 2450 etiam
1425 2428 1497 2450 non
1522 2417 1587 2449 nisi
1613 2417 1807 2450 secundum
1825 2416 1899 2449 eius
1924 2417 2148 2448 voluntatem.

674 2477 716 2509 Et
739 2477 819 2509 ideo
844 2487 923 2509 curn
947 2487 1020 2509 non
1042 2477 1148 2508 habet
1172 2475 1322 2517 aliquam
1358 2475 1691 2507 administrationem
1723 2476 1896 2507 bonorum
1929 2474 2148 2513 exteriorum,

673 2534 757 2567 nihil
796 2540 912 2577 potest
949 2535 1033 2566 dare
1071 2533 1284 2576 pauperibus
1313 2533 1399 2565 ’sine
1438 2533 1617 2566 voluntate
1657 2532 1819 2575 explicita
1859 2538 1892 2565 et
1931 2531 2057 2564 actuali
2095 2532 2149 2564 vel

761 2687 800 2718 (1)
821 2684 852 2711 C.
866 2684 916 2717 XI,
929 2686 959 2711 3:
971 2694 984 2710 <z
997 2683 1072 2711 Volo
1087 2688 1184 2711 autem
1198 2692 1252 2710 vos
1265 2683 1341 2710 scire
1355 2683 1435 2719 quod
1448 2683 1542 2710 omnis
1555 2683 1600 2709 vir
1613 2687 1710 2718 caput,
1722 2682 1856 2710 Christus
1870 2687 1932 2709 est:
1947 2686 2036 2717 caput
2049 2686 2147 2709 autem

672 2728 810 2762 mulieris,
824 2728 867 2755 vir
880 2737 885 2755 :
900 2732 988 2763 caput
1001 2736 1072 2755 vero
1086 2727 1204 2759 Christi,
1218 2727 1307 2754 Deus.
1323 2739 1335 2752 x
