2493 3458
520 1124 584 1151 cod.
600 1125 621 1150 P

488 1159 537 1187 fol.
553 1162 600 1186 151
617 1160 655 1186 Rss

681 473 726 497 10⁴
1041 469 1230 496 MAGls'l‘h'l
1261 469 1479 496 mmm-'lum
1512 469 1561 495 l)l·2
1592 468 1787 495 FONTIBL'S

677 562 791 598 horno,
811 560 863 592 vel
889 560 983 601 quod
1009 566 1061 591 est
1092 560 1209 598 homo,
1239 559 1318 601 quia
1347 559 1448 591 etiam
1478 559 1567 590 idem
1595 565 1647 590 est
1671 558 1828 601 generari
1857 558 2032 591 hominem
2057 565 2091 591 et
2115 559 2147 591 id

677 619 770 660 quod
796 619 901 650 homo
931 623 983 650 est
1010 617 1178 659 generari,
1204 617 1284 659 quia
1315 616 1495 658 generatio
1529 622 1580 648 est
1610 616 1662 648 via
1688 617 1731 648 ad
1761 628 1850 656 esse,
1880 617 1972 649 unde
2001 627 2071 648 non
2097 622 2150 649 est

677 676 768 707 aliud
797 675 954 718 generari
984 675 1159 707 hominem
1187 680 1220 706 et
1249 686 1326 706 esse
1352 674 1501 706 hominis
1527 680 1559 706 et
1584 680 1708 706 cetera.
1736 674 1813 706 Hoc
1839 674 1939 706 etiam
1959 675 2083 716 probat
2108 685 2149 706 ex

676 735 744 766 hoc
771 734 863 775 quod
893 744 1134 775 quaecumque
1162 732 1405 774 praedicantur
1429 733 1472 764 de
1502 732 1695 763 substantia
1723 732 1868 764 alicuius
1896 732 1943 764 rei
1970 743 2031 774 per
2055 743 2092 763 se
2117 737 2151 764 et

677 802 746 823 non
773 792 965 824 secundum
992 790 1167 829 accidens,
1186 790 1239 822 illa
1264 796 1344 822 sunt
1369 790 1458 822 idem
1486 790 1679 822 secundum
1705 801 1785 822 rem.
1812 790 1883 821 Sed
1909 789 1959 822 sic
1984 801 2021 822 se
2046 790 2150 822 habet

677 860 739 881 ens
768 855 801 881 et
827 860 932 881 unum
962 854 1122 891 respectu
1151 847 1335 880 cuiuslibet
1363 848 1456 889 quod
1484 848 1757 889 unumquodque
1786 854 1837 879 est
1866 858 1928 879 ens
1953 853 1986 880 et
2015 847 2151 879 unum¹

678 919 738 949 per
766 918 802 939 se
832 913 864 939 et
893 917 963 938 non
993 917 1053 949 per
1078 906 1217 947 aliquod
1243 905 1407 938 accidens
1436 905 1466 937 ei
1492 905 1656 937 additum.
1683 906 1788 946 Quod
1814 905 1864 937 sic
1897 906 2019 947 probat
2049 905 2151 937 Corn·

677 970 847 997 mentator
864 966 931 1005 (1):
958 975 1037 996 nain
1067 964 1110 995 (le
1140 963 1196 995 illo
1222 974 1366 995 necesse
1396 968 1448 994 est
1475 974 1515 995 ea
1543 963 1662 994 iterum
1695 962 1896 1005 praedicari,
1923 962 2003 1004 quia
2031 973 2152 994 unum-

677 1023 842 1064 quodque
867 1032 1013 1054 necesse
1051 1027 1102 1053 est
1121 1022 1131 1038 ²
1168 1032 1246 1053 esse
1275 1032 1380 1052 unum
1411 1026 1443 1052 et
1473 1031 1545 1059 ens,
1577 1027 1635 1052 aut
1664 1031 1748 1063 ergo
1783 1020 1903 1052 iterum
1934 1020 2153 1062 praedicatur

678 1081 721 1112 <le
746 1080 803 1112 illo
828 1090 889 1122 per
914 1090 951 1112 se
976 1085 1034 1111 aut
1059 1090 1120 1121 per
1144 1079 1283 1120 aliquod
1309 1078 1400 1110 aliud
1427 1078 1591 1116 additum,
1617 1084 1650 1109 et
1676 1078 1718 1110 de
1749 1078 1805 1109 illo
1831 1077 1950 1109 iterum
1977 1077 2153 1120 quaeritur

678 1144 711 1170 et
747 1138 808 1170 erit
848 1137 1038 1180 procedere
1079 1137 1110 1168 in
1154 1136 1322 1168 inlinitum
1353 1139 1358 1177 ι
1390 1137 1442 1167 vel
1477 1136 1751 1178 unumquodque
1784 1135 1897 1167 statim
1938 1146 1999 1178 per
2031 1146 2067 1167 se
2101 1141 2153 1168 est

678 1206 740 1228 ens
766 1201 798 1227 et
823 1206 940 1227 unum.

768 1254 864 1285 Patet
900 1252 1002 1294 igitur
1036 1253 1214 1284 secundus
1250 1251 1424 1289 articulus,
1462 1251 1594 1283 scilicet
1629 1251 1723 1293 quod
1761 1262 1831 1283 non
1868 1257 1920 1283 est
1960 1262 2092 1293 ponere
2118 1251 2152 1284 in

677 1312 781 1343 rebus
807 1310 934 1352 aliquid
971 1321 1076 1342 unum
1111 1310 1304 1342 seeundum
1334 1309 1500 1341 rationem
1535 1309 1628 1351 quod
1662 1308 1793 1340 scilicet
1823 1309 1865 1340 sit
1897 1319 1975 1341 esse
2008 1315 2152 1348 tantum,

678 1380 719 1401 ex
751 1380 820 1410 quo
854 1373 947 1410 patet
983 1368 1078 1409 quod
1115 1378 1203 1405 esse,
1238 1367 1316 1399 licet
1349 1378 1452 1398 unam
1488 1377 1610 1398 vocem
1647 1366 1748 1402 dicat,
1786 1366 1818 1398 in
1856 1366 2000 1399 diversis
2037 1372 2153 1399 tamen

678 1427 851 1458 diversum
881 1432 933 1458 est
961 1432 993 1458 et
1022 1425 1192 1457 diversam
1219 1425 1385 1456 rationem
1417 1424 1519 1457 etiam
1549 1424 1717 1466 importat.
1750 1424 1829 1456 Non
1860 1424 1950 1456 enim
1981 1423 2063 1456 dicit
2088 1424 2154 1456 nisi

678 1484 863 1517 essentiam
890 1490 923 1516 et
947 1483 1123 1515 entitatem
1149 1482 1434 1524 uniuscuiusque,
1460 1483 1554 1524 quod
1580 1482 1679 1514 tertio
1705 1483 1975 1524 proponebatur.

767 1599 822 1631 Ad
847 1598 1092 1631 declarandum
1118 1597 1299 1630 sciendum
1325 1602 1376 1628 est
1401 1596 1491 1629 enim
1515 1597 1608 1639 quod
1632 1596 1748 1628 omnia
1770 1596 1834 1628 ista
1850 1597 1869 1635 ²⁴,
1895 1607 1968 1635 ens,
1994 1596 2118 1629 entitas
2132 1596 2154 1636 ⁴,

679 1657 829 1690 essentia
854 1656 943 1688 idem
970 1655 1169 1697 significant
1193 1655 1327 1687 realiter
1341 1654 1362 1692 ὗ,
1388 1655 1580 1686 differentia
1606 1655 1717 1686 solum
1744 1654 1777 1686 in
1803 1654 1908 1686 modo
1934 1654 2154 1697 significandi

678 1715 712 1747 in
738 1714 970 1747 abstractione
997 1714 1048 1745 vel
1074 1713 1298 1745 concretione
1323 1713 1377 1744 vel
1401 1712 1610 1750 huiusmodi,
1636 1718 1669 1744 et
1694 1713 1761 1744 hoc
1790 1718 1934 1754 apparet
1961 1723 2022 1754 per
2045 1711 2156 1744 simile

679 1773 713 1804 in
739 1772 900 1805 omnibus
926 1771 999 1803 aliis
1025 1771 1075 1803 sic
1099 1770 1263 1813 acceptis,
1289 1776 1373 1813 puta
1397 1780 1550 1809 currenS,
1577 1780 1709 1809 cursus,
1735 1780 1882 1802 currere.

768 1831 842 1862 Nec
874 1830 964 1861 valet
1000 1829 1027 1860 si
1064 1829 1198 1860 dicatur
1222 1828 1317 1870 quod
1354 1834 1406 1860 est
1441 1839 1504 1860 ens
1540 1838 1667 1860 nomen
1702 1833 1736 1860 et
1771 1838 1834 1859 ens
1867 1827 2095 1870 participium,
2121 1833 2155 1860 et

680 1889 772 1921 aliud
801 1887 975 1931 significat
1000 1898 1077 1919 esse
1103 1887 1296 1918 seeundum
1322 1886 1416 1927 quod
1441 1885 1624 1918 descendit
1648 1896 1668 1917 a
1693 1885 1833 1917 nomine
1859 1891 1891 1917 et
1916 1895 1936 1917 a
1961 1885 2154 1927 participio,

680 1946 760 1988 quia
800 1957 870 1978 uno
910 1945 1015 1977 modo
1055 1944 1230 1987 significat
1269 1954 1346 1976 esse
1398 1943 1582 1980 essentiae,
1623 1943 1690 1975 alio
1730 1943 1835 1975 modo
1884 1953 1962 1975 esse
2013 1942 2157 1975 actualis

681 2003 892 2036 existentiae.
923 2002 1014 2044 Quia
1043 2002 1077 2033 in
1106 2001 1268 2033 omnibus
1296 2001 1380 2039 aliis,
1410 2001 1705 2042 qualitercumque
1732 2011 1798 2032 vox
1828 2011 1917 2042 quae
1945 2006 1997 2032 est
2021 1999 2157 2042 partici-

681 2061 775 2104 pium
800 2072 870 2093 uno
889 2061 993 2093 modo
1012 2059 1221 2101 intelligatur
1244 2058 1472 2095 nominaliter,
1498 2069 1635 2100 semper
1660 2064 1711 2090 est
1737 2059 1859 2090 eadem
1877 2068 1932 2090 res
1950 2058 2156 2101 significata,

683 2119 866 2160 utrobique
895 2123 1026 2150 mutato
1055 2123 1186 2149 tantum
1215 2117 1320 2148 modo
1349 2116 1581 2159 significandi,
1611 2122 1644 2148 et
1668 2116 1791 2148 eadem
1821 2115 1922 2147 etiam
1948 2126 2002 2148 res
2027 2115 2156 2159 signifi-

683 2183 759 2210 cata
786 2187 873 2209 voce
905 2175 1083 2211 infinitivi:
1113 2180 1254 2217 propter
1282 2175 1376 2216 quod
1406 2174 1487 2206 illud
1520 2174 1613 2215 quod
1647 2173 1771 2206 dicitur
1803 2173 1914 2216 primo
1947 2173 2157 2206 Periherme-

683 2235 758 2267 nias
779 2237 824 2276 (2)
850 2235 946 2276 quod
963 2234 1069 2265 verba
1086 2233 1279 2265 secundum
1305 2243 1342 2264 se
1367 2231 1459 2264 dicta
1484 2232 1624 2263 nomina
1642 2237 1733 2270 sunt,
1755 2231 1940 2274 exponitur
1963 2231 2157 2263 secundum

682 2292 867 2325 Boethium
886 2293 931 2332 (3)
961 2292 1004 2324 de
1033 2291 1140 2323 verbo
1168 2290 1327 2322 infinitivi
1355 2289 1458 2328 modi,
1491 2295 1527 2321 ut
1557 2290 1678 2332 legens
1703 2300 1843 2328 nomen,
1872 2289 1994 2332 legens
2023 2288 2157 2331 partici-

774 2449 780 2463 ¹
795 2451 931 2483 respectu
946 2463 978 2466 —
993 2447 1091 2480 unum]
1108 2455 1162 2472 om.
1178 2446 1207 2472 P.
1228 2461 1260 2464 —
1281 2445 1291 2460 ²
1305 2454 1359 2471 om.
1374 2445 1405 2472 P.
1419 2461 1451 2464 —
1466 2445 1477 2460 ³
1490 2445 1537 2471 illa
1553 2445 1582 2471 P.
1597 2461 1630 2464 —
1646 2447 1654 2460 ¹
1669 2449 1697 2471 et
1710 2444 1778 2471 add.
1793 2445 1822 2471 P.
1839 2460 1869 2464 -
1891 2445 1901 2459 ⁵
1913 2443 2108 2470 essentialiter
2127 2443 2157 2470 P.

764 2556 802 2587 (1)
822 2553 896 2580 Ibid.
917 2552 947 2586 (f.
967 2554 1002 2579 32
1021 2552 1081 2583 Rb).
1105 2563 1115 2575 <s
1133 2552 1167 2578 Et
1188 2551 1236 2577 illa
1256 2560 1310 2583 res,
1331 2559 1406 2586 quae
1426 2555 1471 2577 est
1490 2559 1556 2583 una,
1579 2550 1602 2577 si
1625 2550 1731 2577 dicitur
1753 2550 1832 2584 quod
1852 2554 1897 2576 est
1915 2558 1972 2576 una
1991 2558 2045 2585 per
2066 2548 2158 2575 inten-

683 2598 792 2625 tionem
814 2597 942 2623 additam
966 2605 1036 2622 suae
1062 2595 1216 2627 essentiae,
1240 2602 1395 2629 quaeretur
1421 2594 1509 2620 etiam
1536 2594 1573 2620 de
1596 2594 1644 2620 illa
1666 2602 1706 2625 re,
1728 2602 1781 2629 per
1803 2602 1889 2628 quam
1912 2593 1944 2619 fit
1965 2601 2031 2626 una,
2055 2597 2084 2619 et
2106 2601 2159 2627 per

684 2641 753 2677 quid
772 2641 804 2667 fit
823 2649 898 2667 una:
918 2640 942 2666 si
964 2639 1052 2673 igitur
1074 2639 1106 2665 fit
1129 2647 1185 2665 una
1205 2647 1257 2673 per
1276 2638 1467 2664 intentionem
1488 2638 1617 2664 additam
1637 2638 1686 2670 illi,
1706 2637 1860 2664 revertitur
1882 2637 2026 2672 quaestio,
2045 2641 2074 2663 et
2093 2644 2158 2671 pro-

683 2685 804 2712 cedetur
818 2685 845 2711 in
859 2683 1000 2710 infinitum
1015 2693 1036 2709 ».
1051 2699 1083 2702 —
1099 2684 1138 2715 (2)
1157 2683 1183 2708 A
1193 2691 1205 2708 r
1215 2682 1222 2708 i
1232 2686 1289 2708 sto
1300 2681 1391 2708 telis·
1410 2682 1455 2708 De
1474 2682 1659 2716 interpretat.
1674 2690 1698 2707 c.
1711 2682 1728 2707 3
1742 2681 1789 2714 [al.
1802 2682 1828 2715 ὃ]
1844 2690 1882 2716 qp.
1899 2682 1952 2712 16).
1971 2678 2041 2706 Αὐτὰ
2055 2679 2101 2712 μὲν
2113 2677 2158 2705 οὖν

683 2726 746 2755 καῖἕ
766 2728 845 2754 {auti
863 2726 993 2762 λεγόμενα
1011 2726 1043 2752 τὰ
1063 2725 1168 2760 ρήματα
1187 2723 1304 2757 ὁνόμιταί
1323 2723 1385 2751 ἐστι.
1407 2742 1440 2745 -
1460 2727 1498 2758 (3)
1520 2724 1675 2751 Boethii
1695 2725 1740 2750 De
1759 2724 1943 2759 interpretat.
1958 2732 2070 2757 comm„
2084 2732 2108 2750 c.
2121 2723 2158 2749 de

684 2773 774 2799 verbo
795 2773 836 2805 (P.
857 2772 896 2803 L„
916 2772 972 2797 vol.
993 2772 1035 2803 64,
1056 2770 1110 2796 col.
1130 2771 1182 2796 309
1202 2774 1231 2795 et
1249 2771 1301 2796 429
1321 2771 1404 2804 sqq.).
