2493 3458
490 575 554 602 cod.
569 576 589 600 S

467 611 514 637 sol.
528 613 562 638 52
578 612 615 637 lx'·'¹

488 1137 552 1164 cml.
569 1140 577 1161 (

452 1173 502 1199 fol.
520 1173 623 1199 1001&

647 445 697 468 ³⁴⁴
1013 440 1201 485 MAGiST-Rl
1232 440 1451 476 GODEFRlDl
1482 441 1532 467 DE
1562 440 1759 482 FONTlBth

647 531 715 558 oriri
736 530 846 558 dehoc
873 529 952 564 quod
980 529 1078 556 statim
1107 530 1207 561 exiret,
1235 533 1382 556 teneretur
1407 528 1446 555 ibi
1473 533 1551 555 stare
1576 534 1687 556 tantum
1714 533 1853 564 quantum
1880 528 2053 556 sufficeret·
2081 529 2120 560 ad

648 579 819 606 vitationem
846 578 976 605 scandali
1003 578 1070 613 quia
1103 582 1240 613 peccaret
1268 577 1403 604 exeundo
1432 586 1497 604 cum
1526 577 1667 604 scandalo
1693 577 1806 610 l‚sicut
1832 582 1969 612 peccaret
1994 577 2042 604 ille
2070 577 2119 617 qui

646 628 709 654 sine
734 628 832 662 aliquo
858 631 927 654 voto
953 627 1040 654 intrat
1059 631 1088 653 et
1114 627 1211 653 statim
1232 626 1298 653 exit.
1318 626 1378 652 Sed
1398 630 1536 661 quantum
1557 626 1683 661 pertinet
1702 625 1740 652 ad
1761 630 1860 652 votum
1885 635 1944 653 non
1963 631 2008 656 est
2026 630 2119 657 ‚trans-

646 685 763 712 gressor
783 676 852 702 voti.

736 726 770 752 Et
801 725 857 751 hoc
890 729 970 760 patet
1002 724 1052 750 tali
1083 724 1204 751 ratione.
1236 723 1314 758 Quia
1345 723 1591 759 quandocumque
1624 723 1662 749 ita
1694 727 1740 749 est
1772 723 1852 758 quod
1884 723 1981 758 aliqua
2013 723 2056 750 sic
2087 731 2119 750 se

647 774 755 801 liabent
775 773 854 808 quod
877 782 963 799 unum
988 777 1085 808 potest
1105 773 1212 799 cadere
1235 773 1288 799 sub
1311 777 1381 798 voto
1405 772 1467 798 sine
1482 771 1548 802 alio,
1569 780 1680 798 vovens
1702 772 1842 798 liberatur
1861 780 1877 798 a
1897 776 1967 798 voto
1982 771 2119 799 faciendo

647 832 733 849 unum
764 823 826 848 sine
855 822 922 853 alio,
951 822 1018 856 quia
1047 821 1159 848 ratione
1181 821 1241 848 voti
1273 821 1367 847 nullus
1399 825 1513 847 tenetur
1542 820 1579 847 ad
1609 820 1774 846 faciendum
1807 820 1916 855 aliquid
1942 820 1997 847 nisi
2024 820 2120 847 illud¹

647 872 726 907 quod
755 871 844 897 vovit.
874 871 933 897 Sed
962 870 1031 898 licet
1058 870 1153 897 nullus
1181 870 1273 905 possit
1303 870 1378 896 bene
1407 878 1572 904 proponere
1593 869 1755 904 ingressum
1777 869 1822 895 vel
1852 869 1943 895 libera
1970 869 2119 896 voluntate

647 920 722 946 velle
748 920 816 955 quin
849 924 994 955 proponat
1023 920 1076 946 et³
1105 919 1174 945 velit
1204 927 1354 945 remanere
1380 919 1443 945 sive
1469 919 1570 945 saltem
1598 917 1731 953 experiri,
1760 922 1859 950 potest
1888 922 1984 944 tamen
2012 926 2119 944 vovere

647 970 808 1003 ingressum
831 969 942 1003 absque
962 969 1017 995 hoc
1038 967 1117 1003 quod
1137 971 1237 994 votum
1258 967 1345 994 cadat
1364 976 1452 1002 super
1478 966 1688 1002 experientiam
1716 967 1762 993 vel
1789 966 2010 1001 professionem.
2041 967 2119 1001 Ergo

647 1025 675 1044 et
693 1022 798 1044 cetera.
820 1017 912 1044 Maior
931 1021 1029 1053 patet3
1050 1017 1144 1043 minor
1164 1017 1312 1052 probatur.

736 1066 832 1093 Primo
859 1066 924 1101 quia
949 1066 997 1092 illa
1020 1074 1094 1100 quae
1115 1065 1156 1092 sic
1183 1074 1214 1091 se
1235 1066 1343 1092 habent
1363 1064 1441 1100 quod
1461 1069 1527 1091 sunt
1547 1063 1723 1099 separabilia
1744 1073 1774 1090 re
1794 1068 1823 1090 et
1842 1064 2012 1095 intentione,
2031 1073 2119 1091 unum

647 1120 743 1151 potest
766 1115 866 1141 voveri
886 1114 948 1141 sine
969 1114 1035 1141 alio.
1053 1114 1113 1141 s.-d
1134 1114 1282 1149 ingressus
1301 1118 1330 1140 et
1351 1123 1380 1139 re
1401 1118 1429 1140 et
1450 1113 1611 1139 intentione
1631 1118 1675 1139 est
1695 1112 1868 1148 separabilis
1888 1113 1924 1139 ab
1939 1112 2120 1148 experientia

647 1169 675 1191 et
696 1164 882 1200 professione
903 1163 969 1190 licet
989 1172 1046 1190 non
1073 1172 1088 1189 e
1115 1171 1269 1195 converso,
1289 1162 1356 1197 quia
1382 1166 1480 1197 potest
1500 1161 1605 1196 aliquis
1625 1161 1741 1188 realiter
1767 1163 1770 1195 Ι
1796 1166 1825 1188 et
1845 1161 1881 1188 de
1910 1161 1990 1188 facto
2015 1162 2120 1188 intrare

647 1217 676 1240 et
695 1222 752 1240 non
783 1212 917 1248 experiri,
947 1216 975 1238 et
1003 1216 1101 1247 potest
1127 1211 1213 1239 etiam
1241 1211 1392 1237 intendere
1418 1219 1449 1236 se
1470 1210 1602 1245 obligare
1622 1219 1675 1246 per
1700 1214 1799 1236 votum
1825 1210 1862 1236 ad
1888 1210 2052 1245 ingressum
2081 1210 2123 1250 ita

647 1261 726 1297 quod
752 1270 810 1288 non
837 1261 873 1288 ad
899 1260 1117 1296 experientiam.
1148 1260 1225 1293 Ergo
1254 1259 1403 1293 ingressus
1424 1263 1521 1295 potest
1550 1259 1656 1285 cadere
1685 1259 1740 1285 sub
1769 1263 1838 1285 voto
1870 1258 1932 1285 sine
1958 1259 2013 1285 hoc
2043 1257 2124 1294 quod

647 1311 701 1337 sub
722 1314 792 1337 voto
812 1310 899 1336 cadat
919 1309 1099 1344 experientia
1120 1309 1166 1335 vel
1186 1308 1341 1335 remansio
2122 1302 2127 1308 '

736 1359 872 1386 Secundo
920 1358 970 1384 sic.
1010 1358 1127 1384 Vovens
1170 1357 1332 1392 ingressum
1378 1356 1567 1392 principalius
1608 1356 1732 1383 intendit
1778 1356 1993 1391 professionem
2034 1365 2121 1392 quam

647 1408 866 1444 experientiam.
895 1407 954 1434 Sed
981 1415 1092 1433 vovens
1118 1406 1280 1441 ingressum
1308 1405 1458 1440 religionis
1483 1414 1540 1432 non
1567 1410 1656 1432 vovet
1689 1405 1902 1440 professionem
1929 1405 1997 1440 quia
2024 1405 2122 1432 fatuus

647 1462 727 1485 esset
759 1457 806 1492 qui
833 1456 978 1489 obligaret
1006 1464 1037 1482 se
1072 1464 1124 1490 per
1156 1459 1255 1481 votum
1291 1454 1484 1489 professionis
1515 1454 1552 1480 ad
1585 1462 1645 1480 rem
1677 1462 1763 1489 quam
1796 1454 1920 1488 ignorat.
1953 1454 2031 1489 Ergo
2062 1462 2120 1480 non

615 1529 618 1531 .
648 1510 765 1542 oportet
786 1505 864 1540 quod
891 1513 1001 1531 vovens
1027 1504 1190 1539 ingressum
1211 1503 1371 1538 religionis,
1398 1507 1503 1530 voveat
1527 1502 1737 1538 experientiam
1760 1503 1806 1529 vel
1826 1502 1914 1529 etiam
1937 1502 2121 1538 propositum

490 1995 554 2021 cod.
571 1994 593 2020 P

453 2030 502 2056 fol.
519 2032 569 2056 15ss
583 2031 623 2055 Vl·

491 2360 554 2386 cod.
569 2360 589 2386 S

461 2395 509 2422 fol.
523 2397 558 2422 52
571 2396 611 2421 R¹=

647 1554 826 1590 experiendi.

736 1603 836 1630 Tertio
856 1602 906 1629 sic.
936 1602 1039 1628 Nullus
1064 1606 1163 1637 potest
1182 1601 1261 1628 licite
1285 1601 1378 1627 iurare
1399 1600 1484 1627 alicui
1505 1601 1617 1626 mulieri
1637 1600 1717 1636 quod
1743 1600 1831 1626 ducat
1859 1608 1924 1626 eam
1954 1600 1981 1626 in
2001 1609 2121 1627 uxorem

647 1652 702 1679 nisi
728 1656 873 1688 proponat
894 1659 1044 1678 remanere
1065 1659 1130 1677 cum
1157 1658 1200 1682 ea,
1226 1650 1279 1676 nisi
1302 1649 1376 1676 forte
1397 1649 1433 1676 ad
1459 1650 1515 1676 hoc
1542 1654 1620 1676 metu
1635 1651 1644 1664 ⁴
1664 1649 1765 1675 mortis
1785 1653 1908 1684 cogatur
1922 1649 1940 1681 ⁵,
1969 1653 1998 1675 et
2024 1653 2122 1676 tamen

648 1702 701 1728 sub
728 1700 909 1735 obligatione
937 1700 1003 1726 talis
1028 1699 1181 1725 iuramenti
1207 1707 1265 1725 non
1292 1698 1371 1725 cadit
1399 1706 1551 1724 remanere
1583 1706 1649 1724 cum
1675 1706 1774 1730 uxore,
1803 1697 1877 1724 sicut
1906 1701 1988 1732 patet
2014 1697 2043 1724 in
2071 1697 2122 1724 illo

649 1750 696 1785 qui
716 1749 820 1776 iuravit
847 1749 973 1784 aliquam
1000 1748 1108 1775 ducere
1133 1753 1161 1774 et
1187 1747 1325 1783 proponit
1351 1747 1458 1773 intrare
1485 1747 1666 1781 religionem.
1687 1746 1816 1773 Tenetur
1843 1755 1908 1772 eam
1928 1746 2045 1779 ducere,
2064 1754 2122 1773 non

647 1803 745 1826 tamen
777 1803 893 1824 tenetur
924 1806 989 1823 cum
1021 1806 1056 1823 ea
1088 1805 1240 1823 remanere
1260 1798 1278 1822 ’ἃ
1317 1796 1394 1831 Ergo
1433 1795 1501 1822 licet
1533 1795 1638 1830 aliquis
1679 1795 1796 1831 quando
1833 1799 1922 1821 vovet
1958 1794 2122 1829 ingressum

647 1853 780 1875 teneatur
808 1848 915 1873 habere
945 1846 1128 1881 propositum
1158 1845 1337 1878 experiendi,
1357 1853 1415 1871 non
1444 1849 1561 1879 oportet
1590 1849 1687 1870 tamen
1717 1843 1796 1879 quod
1824 1843 2005 1878 experientia
2035 1843 2122 1870 cadat

647 1898 700 1924 sub
721 1901 790 1923 voto
807 1897 822 1922 ⁷.
843 1912 875 1915 —
897 1896 927 1921 Si
948 1895 1061 1921 dicatur
1080 1894 1159 1929 quod
1179 1902 1236 1920 non
1257 1899 1301 1920 est
1322 1893 1424 1925 simile,
1444 1893 1512 1928 quia
1531 1893 1580 1919 ille
1600 1892 1718 1919 dimittit
1737 1901 1857 1919 uxorem
1878 1899 1998 1928 propter
2017 1892 2121 1919 melius

646 1950 676 1972 et
704 1945 873 1981 perfectius,
904 1944 945 1970 sic
975 1948 1071 1970 autem
1102 1951 1158 1969 non
1187 1948 1231 1969 cst
1261 1943 1288 1968 in
1318 1942 1480 1977 proposit0‚
1500 1941 1577 1968 istud
1597 1950 1654 1968 non
1674 1941 1752 1968 valet
1775 1941 1811 1967 ad
1832 1941 2023 1976 propositum.
2043 1941 2121 1975 Quia

646 1995 671 2021 si
697 1998 847 2029 oporteret
867 1993 988 2028 implere
1008 1992 1199 2018 iuramentum
1220 1991 1266 2017 vel
1286 1996 1385 2017 votum
1412 1993 1416 2023 Ι
1442 1990 1470 2016 in
1485 1991 1495 2006 Β
1514 1990 1666 2025 proposito
1689 1990 1768 2025 quod
1795 1990 1859 2024 quis
1879 1994 1994 2016 tenetur
2013 1990 2121 2016 habere

647 2045 675 2070 in
704 2043 826 2069 iurando
852 2042 898 2068 vel
930 2041 1076 2073 vovendo,
1104 2040 1180 2067 sicut
1205 2040 1316 2066 intrans
1347 2039 1516 2074 religionem
1546 2048 1603 2065 non
1630 2039 1764 2074 impleret
1792 2043 1891 2065 votum
1921 2038 1975 2065 nisi
1999 2039 2121 2065 haberet

647 2091 829 2127 propositum
851 2089 1029 2121 remanendi,
1043 2105 1075 2108 ——
1097 2089 1136 2114 ita
1160 2089 1187 2114 in
1211 2087 1364 2123 praedicto
1384 2096 1454 2113 casu
1478 2086 1588 2113 ducens
1608 2095 1726 2112 uxorem
1747 2094 1805 2112 non
1825 2087 1959 2121 impleret
1978 2086 2121 2113 iuramen-

647 2145 707 2167 tum
727 2139 780 2166 nisi
802 2139 921 2165 duceret
936 2147 1000 2164 eam
1021 2146 1085 2164 cum
1106 2137 1260 2172 proposito
1280 2136 1449 2163 remanendi
1469 2136 1536 2171 quia
1558 2135 1712 2162 tenebatur
1730 2135 1839 2161 habere
1859 2135 1917 2161 tale
1936 2135 2119 2170 propositum

648 2189 764 2224 quando
797 2188 911 2219 iuravit,
937 2186 1066 2221 alioquin
1092 2185 1322 2212 scandalizasset
1354 2190 1382 2211 et
1414 2185 1582 2220 decepisset
1613 2184 1772 2210 mulierem.
1800 2183 1887 2211 Unde
1916 2188 2056 2219 quantum
2083 2183 2120 2210 ad

647 2237 830 2273 propositum
845 2237 856 2251 ⁰
874 2240 919 2262 est
938 2235 1040 2262 simile.

735 2286 849 2321 Quarto
874 2285 926 2317 sic,
951 2288 980 2310 et
1006 2288 1051 2310 est
1070 2283 1253 2310 confirmatio
1273 2282 1402 2309 rationis.
1423 2283 1542 2309 Vovens
1569 2281 1734 2317 ingressum
1753 2281 1905 2316 religionis
1933 2285 2032 2317 potest
2051 2281 2120 2317 eligi

647 2336 676 2362 in
695 2334 867 2370 episcopum
888 2337 955 2359 ante
975 2332 1146 2368 ingressum.
1167 2331 1227 2358 Sed
1246 2331 1312 2358 talis
1334 2340 1392 2358 non
1415 2335 1530 2358 tenetur
1549 2330 1656 2357 intrare
1682 2339 1747 2357 cum
1773 2329 1926 2365 proposito
1950 2329 2133 2356 remanendi

646 2384 694 2411 vel
722 2382 902 2418 experiendi,
933 2390 998 2408 cum
1027 2385 1121 2407 status
1152 2380 1331 2416 episcopalis
1359 2380 1397 2407 ad
1426 2388 1512 2415 quem
1543 2383 1590 2406 est
1616 2379 1729 2406 electus
1756 2379 1794 2405 sit
1819 2378 1978 2414 perfectior
2003 2379 2006 2412 Ι
2032 2386 2120 2414 quam

646 2437 739 2460 status
760 2430 918 2467 religionis.
938 2430 1017 2465 Ergo
1037 2429 1140 2456 saltem
1159 2429 1189 2455 in
1211 2428 1262 2455 tali
1281 2437 1352 2456 casu
1372 2437 1484 2455 vovens
1502 2428 1666 2464 ingressum
1684 2427 1844 2463 religionis,
1863 2427 1965 2462 implet
1983 2431 2084 2454 votum
2099 2427 2121 2442 ¹⁰

646 2491 712 2509 cum
731 2480 884 2517 proposito
905 2479 1028 2506 exeundi
1050 2478 1118 2514 quia
1137 2478 1198 2505 exit
1215 2482 1337 2513 propter
1356 2477 1450 2504 maius
1468 2475 1586 2504 bonurn.

736 2651 813 2676 ¹om.
837 2648 869 2676 C.
901 2663 934 2667 —
963 2647 1022 2673 2²id
1042 2646 1074 2674 C.
1103 2662 1136 2666 —
1167 2646 1243 2673 ⁸vel
1263 2646 1296 2673 C.
1324 2662 1358 2665 —
1387 2647 1397 2662 θ
1418 2649 1500 2672 motu
1519 2644 1552 2672 C.
1581 2660 1614 2664 ——
1643 2645 1654 2660 ³
1673 2648 1830 2680 cogeretur
1848 2643 1881 2671 C.
1909 2659 1944 2663 —-
1973 2644 2066 2670 “cum
2085 2659 2119 2662 —

645 2694 806 2727 remanere]
820 2700 972 2719 remanere
986 2699 1051 2717 cum
1066 2699 1101 2717 ea
1115 2690 1148 2717 C.
1162 2706 1196 2709 —
1211 2691 1220 2706 ⁷
1233 2694 1263 2716 et
1275 2689 1344 2716 add.
1359 2688 1392 2716 C.
1406 2705 1439 2708 —
1453 2689 1464 2704 ⁸
1477 2697 1543 2715 eum
1558 2688 1590 2715 C.
1610 2704 1644 2708 —
1664 2689 1675 2704 ⁹
1687 2696 1746 2714 non
1759 2687 1828 2714 add.
1843 2687 1875 2714 C.
1895 2703 1929 2706 —
1950 2687 1972 2703 ¹⁰
1983 2686 2119 2714 intrando

645 2738 714 2764 add.
734 2737 766 2764 C.
