2493 3458
644 432 691 456 17ss
1005 429 1089 455 MAG
1098 428 1197 455 lSTRl
1227 428 1446 455 GODEFRIDI
1476 428 1526 455 DE
1556 428 1752 456 FONTIBUS

637 519 716 561 quia
757 519 837 550 illud
870 519 963 560 quod
995 518 1088 560 prius
1129 524 1266 550 emanat
1298 529 1317 549 a
1357 523 1496 550 creante
1533 517 1626 559 prius
1661 523 1806 550 creatur.
1843 518 1914 550 Sed
1950 519 2018 550 hoc
2054 523 2107 551 est

636 589 725 616 esse,
762 588 839 609 nam
876 576 957 609 dicit
987 576 1176 618 Dionysius
1192 578 1249 616 (l),
1283 576 1404 617 quinto
1438 576 1480 607 de
1508 575 1640 607 Divinis
1665 575 1897 607 Nominibus:
1933 576 2029 608 Deus
2054 581 2107 608 est

635 634 834 677 simpliciter
873 641 905 667 et
945 633 1239 676 incircumscripte
1275 639 1309 665 et
1344 633 1608 665 incircumfinite
1644 638 1752 665 toturn
1788 632 1823 664 in
1859 643 1897 665 se
1926 633 2003 676 ipso
2029 634 2105 675 [est]

636 693 813 734 essesndo]
844 692 1050 730 coambiens,
1083 697 1115 723 et
1148 691 1263 723 omnia
1293 691 1405 733 ipsum
1431 691 1637 733 participant
1668 696 1701 723 et
1725 701 1744 722 a
1769 691 1863 723 nullo
1887 690 2106 723 existentium

636 750 775 783 recedit.
813 750 853 782 lit
887 749 996 781 infra:
1031 755 1063 781 et
1098 749 1199 781 aute'
1237 749 1301 780 alia
1334 760 1412 781 esse
1448 748 1673 790 praemittitur
1702 754 1735 780 et
1763 754 1887 780 cetera.
1917 748 1960 780 Et
1987 753 2108 790 quarta

637 808 876 851 propositione
899 808 941 840 de
969 807 1093 839 Causis
1112 809 1158 844 (2)
1184 806 1321 839 dicitur:
1349 806 1455 849 prima
1481 817 1591 838 rerum
1619 812 1810 838 creatarum
1836 812 1888 838 est
1912 816 2000 838 esse.

725 867 865 899 Contra.
892 865 988 898 Sicut
1020 876 1057 897 se
1083 866 1187 897 habet
1219 865 1382 907 generale
1413 864 1644 906 compositum
1682 875 1722 896 ex
1754 864 1895 896 materia
1930 870 1963 896 et
1999 864 2109 896 forma

637 925 680 956 ad
719 923 980 967 generationem
1006 923 1026 961 ²,
1067 922 1112 954 ita
1148 922 1296 955 creabile
1337 927 1369 954 et
1412 922 1642 964 compositum
1686 933 1727 953 vx
1767 932 1845 954 esse
1885 928 1918 954 et
1958 921 2109 953 essentia

637 983 680 1014 ad
710 981 929 1015 creationem.
957 981 1026 1013 Sed
1053 980 1085 1012 in
1114 980 1340 1023 generatione
1369 979 1552 1022 compositi
1584 991 1624 1012 ex
1657 980 1796 1011 materia
1834 986 1867 1011 et
1899 979 2008 1011 forma
2037 989 2107 1011 non

636 1046 822 1084 generatur
850 1039 944 1081 prius
972 1039 1081 1070 forma
1107 1048 1208 1079 quam
1235 1037 1375 1069 materia
1404 1038 1455 1070 vel
1486 1049 1504 1070 e
1533 1048 1713 1075 converso,
1739 1038 1801 1069 sed
1831 1043 1943 1070 totum
1968 1047 2109 1079 compo-

637 1098 737 1130 situm
763 1108 825 1140 per
849 1108 887 1129 se
911 1103 1096 1139 generatur
1121 1101 1153 1128 et
1179 1102 1230 1127 est
1259 1095 1424 1127 terminus
1453 1106 1515 1137 per
1542 1106 1579 1127 se
1608 1095 1854 1136 generationis.
1886 1095 1978 1137 Ergo
2007 1095 2109 1127 etiam

637 1156 670 1188 in
703 1155 878 1188 creatione
911 1153 1096 1196 compositi
1129 1165 1169 1185 ex
1203 1164 1281 1186 esse
1321 1159 1354 1186 et
1387 1153 1538 1185 essentia
1578 1164 1648 1185 non
1685 1153 1856 1185 creabitur
1897 1153 1991 1195 prius
2031 1162 2110 1185 esse

637 1224 738 1255 quam
765 1212 926 1245 essentia.

726 1271 780 1303 Ad
814 1270 894 1302 illud
918 1270 928 1286 ³
968 1276 1061 1312 patet
1094 1269 1277 1311 responsio
1310 1280 1351 1301 ex
1391 1268 1491 1301 dictis
1519 1270 1538 1300 ⁴.

1581 1268 1617 1301 si
1651 1269 1740 1301 enim
1774 1279 1852 1301 esse
1884 1268 2035 1301 differret
2067 1269 2111 1300 ab

637 1329 788 1361 essentia
828 1327 972 1366 realiter,
1013 1333 1096 1359 tunc
1137 1327 1231 1358 tieret
1265 1337 1370 1358 unum
1404 1326 1635 1369 compositum
1676 1337 1717 1359 ex
1749 1326 1900 1359 essentia
1940 1331 1973 1358 et
2005 1325 2112 1358 esse⁶

636 1388 724 1419 sicut
749 1397 791 1419 ex
809 1385 963 1428 potentia
987 1390 1020 1417 et
1037 1391 1126 1417 actu.
1154 1385 1231 1416 Non
1250 1391 1364 1416 autem
1390 1384 1455 1416 alia
1480 1384 1710 1426 productione
1728 1384 1931 1426 producitur
1957 1383 2111 1426 potentia

638 1451 671 1477 et
709 1447 807 1476 actus
827 1444 847 1481 ’ᾖ

884 1444 945 1475 sed
991 1454 1034 1475 eo
1071 1442 1147 1484 ipso
1187 1443 1282 1483 quod
1306 1441 1316 1458 ⁷
1350 1442 1550 1484 producitur
1590 1442 1692 1474 unica
1731 1441 1960 1484 productione
2003 1447 2111 1473 toturn

637 1502 869 1544 compositum
897 1513 958 1543 per
982 1512 1019 1533 se
1045 1511 1085 1533 ex
1112 1500 1265 1542 potentia
1294 1506 1327 1531 et
1351 1505 1443 1538 actu,
1461 1500 1702 1542 producuntur
1727 1505 1842 1542 partes
1872 1499 1905 1531 in
1934 1499 1992 1531 illo
2020 1509 2112 1531 com-

638 1560 752 1603 posito
777 1571 817 1591 ex
847 1558 1086 1600 consequenti,
1116 1558 1195 1600 quia
1229 1558 1399 1600 producto
1428 1563 1501 1590 toto
1528 1558 1768 1600 producuntur
1799 1563 1925 1599 partes.
1959 1556 2000 1588 Et
2031 1556 2111 1589 ideo

637 1628 708 1650 non
734 1624 826 1650 esset
851 1617 1037 1649 dicendum
1063 1615 1202 1658 proprie
1227 1616 1322 1657 quod
1341 1615 1491 1648 essentia
1517 1615 1610 1657 prius
1629 1615 1878 1657 produceretur
1895 1625 1997 1657 quam
2022 1625 2111 1653 esse,

638 1676 692 1708 vel
725 1686 743 1708 e
776 1686 958 1713 converso,
995 1685 1073 1706 curn
1105 1675 1192 1706 haec
1225 1685 1286 1716 per
1317 1684 1354 1705 se
1394 1684 1464 1705 non
1499 1674 1746 1715 producantur,
1779 1673 1841 1705 sed
1882 1673 2112 1715 productione

638 1733 831 1776 compositi.
863 1733 985 1765 Posset
1009 1738 1124 1764 tamen
1151 1731 1217 1763 dici
1243 1732 1437 1764 secundum
1453 1730 1464 1747 ⁸
1488 1731 1582 1772 quod
1608 1731 1690 1763 dicit
1714 1730 1936 1773 Augustinus
1952 1732 2010 1771 (3),
2028 1731 2112 1763 duo-

638 1791 775 1823 decimo
801 1790 1083 1828 tjonfessionum‚
1109 1789 1260 1831 capitulo
1293 1789 1462 1832 vigesimo
1491 1800 1596 1827 nono,
1626 1789 1720 1830 quod
1753 1799 1830 1821 cum
1860 1799 1937 1820 esse
1966 1788 2113 1821 informe

638 1848 800 1881 materiae
826 1848 1013 1890 praecedat
1036 1848 1192 1883 formam,
1219 1847 1280 1879 sed
1307 1847 1416 1879 forma
1445 1846 1612 1889 dignitate
1637 1853 1670 1878 et
1698 1846 1912 1888 perfectione
1936 1846 2114 1888 praecedit

639 1906 825 1945 materiam,
862 1906 951 1938 sicut
987 1905 1128 1937 materia
1163 1915 1234 1936 non
1267 1910 1381 1947 potest
1417 1898 1561 1946 produci
1595 1904 1627 1935 in
1669 1915 1746 1936 esse
1771 1904 1914 1936 omnino
1946 1903 2112 1943 informis,

638 1975 716 1996 cum
754 1963 888 2007 origine
924 1963 1111 2005 praecedat
1144 1973 1241 1994 suam
1275 1961 1527 1999 formationem,
1563 1981 1603 1985 —
1637 1961 1688 1994 sie
1719 1962 1871 1994 essentia
1898 1972 1973 1994 non
1999 1967 2114 2004 potest

639 2022 785 2064 produci
813 2021 888 2053 sine
915 2031 1003 2060 esse,
1033 2026 1147 2052 tamen
1177 2019 1311 2063 origine
1340 2019 1518 2062 praecedit
1535 2030 1634 2051 suum
1661 2030 1747 2051 esse.
1774 2020 1844 2052 Sed
1863 2030 1903 2052 ex
1928 2019 2114 2062 praedictis

638 2085 753 2122 potest
784 2079 921 2111 ostendi
957 2079 1051 2120 quod
1083 2078 1133 2110 sic
1163 2089 1234 2109 non
1271 2083 1386 2120 potest
1417 2088 1479 2120 per
1511 2088 1648 2110 omnem
1682 2078 1823 2109 modum
1856 2077 1933 2110 dici.
1965 2077 2052 2109 Nam
2085 2077 2114 2109 si

638 2137 688 2170 sic
721 2137 885 2169 differunt
917 2137 1015 2175 haec,
1044 2135 1176 2168 scilicet
1206 2135 1358 2167 essentia
1389 2141 1422 2167 et
1454 2134 1560 2167 esse⁹
1583 2142 1620 2167 ut
1646 2135 1801 2177 potentia
1833 2141 1866 2167 et
1893 2141 2001 2174 actus,
2031 2141 2114 2167 tunc

638 2201 695 2227 aut
734 2195 896 2227 differunt
923 2199 959 2226 ut
987 2193 1142 2236 potentia
1173 2192 1373 2235 simpliciter
1404 2203 1494 2234 quae
1526 2199 1578 2225 est
1610 2193 1689 2235 hyle
1720 2198 1754 2225 et
1785 2198 1884 2225 actus
1915 2192 2115 2235 simpliciter

639 2252 695 2295 qui
713 2258 765 2285 est
783 2253 892 2284 forma
914 2251 1159 2290 substantialis,
1178 2257 1211 2283 et
1228 2251 1278 2283 sic
1304 2251 1479 2282 veritatem
1497 2251 1626 2283 habere
1651 2250 1786 2283 videtur
1809 2251 1903 2292 quod
1920 2250 2054 2289 dicitur,
2073 2270 2113 2274 —

729 2407 909 2442 ¹aliquando
924 2407 986 2433 ΡΥ,
1001 2423 1033 2426 -
1049 2407 1058 2421 ²
1072 2406 1249 2433 creationem
1271 2407 1300 2433 P.
1319 2422 1348 2426 --
1369 2407 1379 2421 ³
1401 2406 1430 2432 id
1450 2407 1480 2432 P.
1505 2422 1536 2425 —
1557 2408 1566 2421 ⁴
1581 2405 1740 2441 praedictis
1760 2406 1790 2432 P.
1811 2422 1843 2425 —
1864 2407 1874 2421 ⁵
1887 2406 2015 2433 essentia
2035 2406 2066 2432 P.
2081 2421 2113 2425 —-

639 2453 649 2467 ⁰
663 2448 822 2478 acc'nsPV.
837 2467 869 2470 —
885 2452 893 2466 ⁷
907 2460 965 2486 quo
979 2451 1009 2476 P.
1030 2467 1062 2470 —
1084 2452 1094 2465 ⁵
1106 2450 1159 2477 sed
1179 2451 1209 2476 P.
1230 2466 1262 2469 —
1283 2452 1294 2465 ⁰
1307 2450 1434 2476 essentia
1454 2455 1483 2476 et
1502 2452 1579 2484 esse]
1600 2459 1666 2477 esse
1686 2454 1714 2476 et
1735 2449 1862 2476 essentia
1882 2450 1913 2477 P.

729 2556 766 2586 tl)
793 2552 1148 2587 [Pseudo-JDionysii
1175 2553 1218 2578 De
1244 2553 1356 2578 dia-inis
1379 2553 1549 2578 nominibus
1573 2561 1597 2579 c.
1620 2554 1636 2579 5
1660 2553 1701 2585 (P.
1725 2552 1765 2583 L.,
1788 2552 1846 2578 vol.
1870 2554 1929 2584 122,
1953 2552 2008 2578 col.
2026 2553 2113 2583 1148).

641 2612 646 2622 <
669 2598 783 2624 Etenim
798 2598 878 2624 Deus
892 2597 1020 2623 nondum
1036 2601 1079 2622 est
1093 2592 1138 2625 ὧν,
1149 2596 1202 2622 sed
1216 2596 1388 2631 simpliciter
1401 2601 1429 2622 et
1443 2596 1666 2622 incircumfinite
1677 2600 1768 2622 totum
1781 2595 1808 2622 in
1820 2604 1852 2622 se
1863 2595 1928 2630 ipso
1940 2604 2005 2622 esse
2018 2604 2115 2622 coam-

639 2642 748 2668 biens...
764 2641 869 2668 Omnia
885 2641 980 2676 ipsum
994 2640 1171 2675 participant
1184 2645 1213 2666 et
1227 2649 1243 2666 a
1257 2641 1336 2666 nullo
1357 2640 1542 2666 existentium
1563 2639 1699 2666 recedit...
1720 2640 1755 2666 Et
1775 2644 1842 2666 ante
1862 2640 1918 2666 alia
1939 2639 1983 2666 sui
1997 2638 2114 2674 partici-

639 2685 739 2720 pantia
759 2693 824 2711 esse
844 2685 1039 2720 praemittitur
1054 2694 1075 2710 ιο.
1090 2700 1122 2703 -
1143 2685 1180 2717 (2)
1202 2684 1287 2710 Liber
1306 2684 1342 2709 de
1360 2684 1468 2715 causis,
1482 2685 1498 2718 ξ
1512 2685 1529 2710 4
1541 2687 1580 2719 (p.
1604 2685 1674 2716 166).
1695 2699 1728 2702 —
1748 2684 1786 2715 (3)
1807 2682 2019 2720 Augustini
2038 2682 2114 2710 Con-

634 2728 803 2764 fessionum
818 2728 834 2754 1.
848 2728 912 2762 XII,
927 2736 950 2754 c.
965 2729 998 2754 ‘29
1012 2727 1054 2761 (P.
1069 2728 1109 2761 L.,
1123 2728 1179 2754 vol.
1193 2729 1238 2760 32,
1254 2728 1308 2754 col.
1323 2729 1395 2755 843).
