2493 3458
691 438 737 462 116
1050 432 1237 463 ΜΑΟΙΞΊῊΙ
1269 435 1486 462 GODEFRIDI
1518 435 1567 462 DE
1597 433 1793 462 FONTIBUS

687 526 923 558 substantialis
942 527 1047 561 (unde
1065 532 1116 558 cst
1135 527 1242 557 forma
1261 525 1509 565 substantialis)
1537 536 1603 556 una
1622 525 1695 556 sola
1713 524 1864 556 existens
1883 536 1951 556 non
1971 526 2028 557 (let
2047 526 2052 542 ¹
2079 536 2156 557 osse

687 583 902 625 simpliciter:
936 583 962 614 si
997 590 1108 615 autum
1149 594 1378 624 unaquaeque
1415 584 1521 613 sonna
1560 582 1795 614 substantialis
1834 583 2025 614 secundum
2063 584 2156 624 quod

686 641 883 673 liuiusmmli
909 653 969 683 per
994 653 1030 671 su
1056 642 1163 672 solam
1191 642 1248 672 (lat
1273 653 1350 671 655(-
1376 640 1584 682 simplicitvr,
1611 641 1778 671 habemus
1805 640 2029 682 propositum.

776 699 810 731 Si
849 706 961 731 autem
999 699 1132 730 dicatur
1167 699 1259 740 quod
1298 698 1401 730 immo
1438 698 1538 729 etiam
1579 704 1737 739 respectu
1777 697 1930 729 omnium
1971 698 2156 730 formarum

686 757 962 789 substantialium
997 757 1131 788 realiter
1162 762 1213 788 est
1246 767 1313 787 una
1340 756 1492 798 potentia
1522 755 1693 793 materiae,
1723 756 1900 796 loquendo
1929 755 1972 787 de
2004 755 2158 797 potentia

687 815 849 847 materiae
875 825 935 856 per
960 825 1061 856 quam
1088 814 1163 856 ipsa
1188 821 1238 845 cst
1264 814 1457 845 subiectum
1483 814 1612 844 formae
1639 819 1670 845 et
1697 813 1775 844 facit
1801 824 1906 844 unum
1933 824 1994 855 per
2017 824 2054 844 56
2080 823 2157 845 curn

688 873 751 910 ilia,
771 873 831 904 sed
851 872 914 904 ista
933 872 1087 914 potentia
1114 883 1183 903 non
1210 877 1325 913 potest
1350 871 1448 902 simul
1475 870 1622 902 ordinari
1650 871 1692 902 ad
1718 870 1873 902 diversas
1899 870 2026 902 formas
2044 870 2158 902 educi-

687 930 772 962 biles
797 931 840 962 de
867 929 1019 972 potentia
1045 929 1218 967 materiae,
1244 929 1323 970 quia
1350 940 1579 970 unaquaeque
1605 929 1755 970 complet
1772 928 1959 970 potentiam
1986 928 2158 965 materiae,

687 988 748 1019 scd
775 989 864 1019 bene
891 994 1003 1029 potest
1029 988 1127 1018 ¹simul
1153 986 1302 1018 ordinari
1321 987 1364 1017 :ul
1383 986 1538 1018 diversas
1562 987 1688 1017 formas
1705 986 1715 1002 ²¹
1739 997 1881 1027 quarum
1909 997 1978 1017 una
2002 985 2160 1018 educitur

688 1047 730 1077 de
756 1045 909 1087 potentia
934 1045 1106 1083 materiae,
1125 1045 1189 1076 alia
1208 1055 1289 1081 nrn,
1308 1055 1451 1085 quarum
1478 1051 1598 1075 neutra
1624 1045 1682 1075 dat
1707 1055 1767 1086 per
1785 1055 1821 1075 se
1847 1054 1925 1075 esse
1950 1043 2159 1086 simpliciter,

686 1104 748 1136 sed
774 1104 896 1135 ambae
922 1103 1032 1141 simul,
1055 1122 1089 1126 -
1110 1104 1177 1134 hoc
1195 1114 1265 1134 non
1284 1103 1390 1137 valetz
1408 1108 1478 1133 tum
1497 1102 1576 1143 quia
1595 1113 1665 1133 non
1687 1107 1802 1143 potest
1819 1101 1916 1133 reddi
1942 1101 2028 1133 ratio
2053 1112 2159 1143 quare

687 1161 743 1193 illa
768 1161 877 1192 forma
902 1160 1140 1202 corporeitatis
1167 1161 1292 1191 educta
1317 1160 1360 1191 (16
1386 1159 1541 1201 potentia
1567 1159 1729 1191 materiae
1755 1159 1787 1190 in
1814 1159 1953 1191 homine
1978 1170 2048 1191 non
2069 1169 2160 1191 com-

687 1219 778 1261 pleat
797 1219 948 1260 perfecte
966 1217 1154 1260 potentiam
1174 1217 1346 1255 materiae,
1365 1217 1453 1249 sicut
1478 1217 1564 1248 aliae
1590 1217 1720 1249 formae
1738 1217 1929 1249 educibiles
1947 1217 1989 1248 de
2006 1216 2160 1258 potentia

686 1276 859 1314 materiae,
888 1281 921 1308 et
949 1276 998 1307 sic
1027 1275 1141 1307 anima
1169 1275 1309 1307 advenit
1338 1275 1406 1307 enti
1433 1275 1465 1306 in
1491 1281 1568 1307 actu
1595 1282 1628 1306 et
1653 1275 1714 1306 erit
1743 1275 1929 1312 accidens3
1956 1281 2026 1306 turn
2052 1273 2160 1316 quia³

688 1335 769 1366 illud
795 1334 888 1376 quod
915 1344 984 1365 non
1010 1333 1192 1366 educitur⁴
1219 1333 1261 1364 de
1288 1332 1442 1374 potentia
1468 1332 1640 1367 materiae,
1666 1343 1744 1364 cum
1770 1339 1884 1364 tamen
1912 1339 2060 1374 ponatur
2083 1342 2161 1364 esse

688 1392 856 1434 perfectio
881 1391 1116 1423 substantialis
1134 1391 1218 1428 eius,
1237 1401 1307 1422 non
1334 1390 1447 1421 minus
1472 1391 1576 1422 habet
1598 1390 1773 1432 complere
1791 1390 1980 1432 potentiam
1999 1389 2162 1421 materiae

688 1461 749 1492 per
773 1461 810 1481 se
835 1449 1034 1492 simpliciter
1059 1460 1100 1480 ex
1125 1460 1194 1490 quo
1219 1448 1392 1480 inducitur
1409 1448 1441 1479 in
1469 1447 1587 1479 1ΙΙειιι]ί
1605 1454 1639 1479 ut
1660 1455 1759 1479 :ictus
1777 1447 1850 1479 eius
1868 1458 1970 1489 quam
1989 1447 2045 1479 id⁴³
2069 1448 2162 1489 quod

688 1508 845 1540 educitur
873 1508 917 1540 de
946 1507 1101 1549 potentia
1129 1506 1301 1538 materiae.
1330 1507 1450 1537 Forma
1479 1506 1568 1537 enim
1599 1517 1660 1547 per
1684 1517 1721 1538 se
1747 1506 1855 1537 solam
1881 1506 1986 1537 habet
2011 1505 2163 1547 perfecte

688 1566 863 1608 complere
893 1565 1083 1607 potentiam
1113 1564 1275 1596 materiae
1304 1570 1336 1596 et
1365 1564 1446 1595 dare
1476 1563 1506 1595 ei
1535 1563 1734 1605 simpliciter
1763 1574 1840 1596 esse
1869 1563 1949 1605 quia
1977 1569 2029 1595 est
2054 1563 2163 1595 forma

688 1623 932 1656 substantialis.
960 1623 1000 1654 Et
1025 1633 1102 1655 cum
1129 1622 1174 1654 ita
1199 1622 1251 1659 sit,
1270 1632 1340 1653 non
1367 1621 1501 1654 videtur
1525 1632 1602 1653 esse
1621 1632 1737 1653 verum
1755 1621 1849 1662 quod
1875 1621 2016 1653 materia
2037 1622 2164 1653 habeat

689 1681 857 1714 rationem
883 1681 1029 1713 subiecti
1056 1680 1157 1712 unius
1183 1680 1234 1711 vel
1264 1679 1440 1721 potentiae
1469 1679 1570 1711 unica
1599 1679 1774 1711 habilitate
1803 1678 1981 1721 potentiali
2010 1679 2164 1721 proxima

689 1739 877 1782 susceptivi
907 1740 1027 1770 harum
1058 1739 1202 1770 duarum
1232 1737 1419 1769 formarum
1451 1737 1562 1775 simul,
1591 1736 1640 1769 sic
1669 1737 1800 1769 scilicet
1828 1737 1922 1778 quod
1951 1737 2026 1779 ipsa
2055 1737 2164 1768 forma

689 1797 854 1830 naturalis
887 1808 965 1829 cum
999 1796 1113 1828 anima
1147 1801 1309 1837 respectu
1341 1795 1504 1827 materiae
1536 1795 1663 1827 habeat
1695 1794 1862 1827 rationem
1899 1794 2001 1826 unius
2033 1794 2164 1826 formae

690 1866 800 1897 aeque
825 1854 1021 1887 immediate
1046 1853 1222 1886 materiam
1248 1852 1469 1895 perficientis.
1489 1852 1664 1893 Quoniam
1690 1853 1882 1884 secundum
1909 1852 1989 1884 illud
2007 1851 2017 1868 7
2041 1852 2166 1884 dicitur

689 1912 846 1955 aliquid⁸
870 1913 998 1944 habere
1027 1911 1216 1954 potentiam
1250 1916 1410 1953 respectu
1444 1910 1584 1942 alterius
1612 1910 1805 1942 secundum
1836 1910 1930 1952 quod
1962 1915 2079 1942 natum
2113 1915 2166 1942 est

691 1970 810 2013 perfici
840 1981 901 2012 per
929 1970 1032 2008 illud3
1063 1970 1158 2011 quod
1185 1975 1302 2000 natum
1332 1975 1383 2000 est
1412 1967 1513 2000 etiam
1543 1968 1708 2010 perficere
1738 1967 1866 2009 aliquid
1897 1968 2002 2000 habet
2032 1967 2166 1999 habitu·

691 2028 806 2061 dinem
840 2028 884 2060 ad
917 2028 999 2060 illud
1032 2027 1225 2059 secundum
1255 2027 1349 2068 quod
1381 2032 1498 2057 natum
1533 2031 1585 2058 est
1614 2026 1726 2067 ipsum
1757 2026 1932 2067 perficere.
1963 2026 2051 2057 Cum
2080 2036 2164 2068 ergo

690 2085 831 2118 materia
869 2085 978 2127 prima
1010 2085 1053 2117 sit
1085 2084 1309 2127 perfectibilis
1341 2083 1414 2115 istis
1447 2084 1583 2115 duabus
1617 2083 1744 2122 sonnis,
1779 2089 1811 2115 et
1843 2089 1880 2114 ut
1911 2083 2005 2114 nuda
2037 2083 2070 2114 in
2103 2093 2166 2114 sua

691 2143 843 2176 essentia
867 2143 942 2175 sine
967 2143 1032 2174 alia
1057 2143 1166 2174 forma
1196 2141 1418 2184 praecedenti
1445 2141 1498 2173 vel
1527 2141 1709 2183 supposita
1735 2147 1815 2172 nata
1840 2141 1883 2172 sit
1907 2140 2026 2183 perfici
2056 2141 2166 2172 forma

691 2201 847 2240 naturali,
866 2201 941 2243 ipsa
958 2206 1072 2232 autem
1090 2211 1161 2231 non
1180 2199 1240 2238 sic,
1258 2200 1320 2231 sed
1338 2205 1375 2230 ut
1391 2199 1457 2230 iam
1476 2199 1509 2230 in
1527 2205 1606 2231 actu
1631 2198 1782 2231 existens
1800 2204 1834 2230 et
1850 2199 1915 2230 sub
1935 2198 2166 2240 dispositione

690 2259 888 2291 huiusmodi
915 2259 1046 2290 formae
1071 2258 1202 2300 primae
1227 2263 1280 2289 est
1305 2256 1527 2299 perfectibilis
1556 2257 1631 2298 ipsa
1656 2256 1781 2295 anima,
1807 2267 1892 2300 ergo
1920 2267 1999 2288 cum
2027 2267 2098 2288 non
2123 2255 2167 2288 sit

691 2318 813 2349 eadem
838 2316 924 2348 ratio
949 2316 1125 2358 potentiae
1151 2322 1184 2348 et
1209 2315 1394 2347 habilitatis
1423 2314 1596 2351 materiae,
1615 2320 1651 2346 ut
1676 2314 1870 2346 secundum
1895 2325 1933 2346 se
1957 2314 2051 2345 nuda
2073 2320 2106 2346 et
2130 2319 2168 2345 ut

690 2375 740 2407 sic
765 2375 799 2406 in
824 2380 903 2406 actu
928 2373 1107 2416 disposita,
1134 2373 1199 2405 alia
1224 2379 1257 2405 et
1282 2373 1347 2404 alia
1371 2372 1548 2404 habilitate
1565 2372 1708 2404 materia
1733 2378 1785 2404 est
1809 2372 2009 2414 susceptiva
2025 2371 2165 2404 istarum

691 2433 837 2464 duarum
862 2432 1058 2464 formarum.
1084 2432 1162 2463 Hoc
1186 2431 1292 2463 modo
1317 2430 1407 2462 enim
1433 2430 1573 2473 ponitur
1597 2431 1640 2462 de
1664 2430 1776 2462 forma
1800 2429 2006 2462 accidentali
2030 2435 2064 2461 et
2087 2430 2166 2461 sub-

691 2490 841 2522 stantiali
869 2497 1030 2532 respectu
1059 2489 1232 2527 materiae,
1260 2489 1355 2530 quod
1384 2488 1491 2530 quia⁹
1519 2487 1661 2520 materia
1689 2487 1799 2530 prima
1825 2487 1921 2519 nuda
1949 2493 1982 2519 et
2009 2493 2046 2519 ut
2073 2497 2167 2519 mere

691 2548 726 2580 in
755 2547 911 2590 potentia
939 2553 992 2579 est
1020 2547 1219 2589 susceptiva
1249 2547 1380 2578 formae
1413 2545 1659 2585 substantialis,
1692 2545 1768 2587 ipsa
1799 2551 1915 2577 autem
1947 2551 1984 2577 ut
2015 2545 2166 2577 existens

766 2692 772 2705 ¹
793 2689 881 2716 debet
895 2690 925 2716 P.
945 2705 978 2709 -——
999 2690 1009 2704 “²
1028 2689 1072 2715 bis
1085 2690 1107 2715 P
1118 2689 1150 2715 V.
1166 2705 1191 2707 —
1212 2689 1222 2704 ³
1236 2694 1295 2714 turn
1310 2688 1387 2723 quia]
1410 2688 1477 2722 quia
1492 2692 1590 2714 tamen
1606 2688 1637 2713 P.
1657 2703 1691 2706 —
1711 2689 1721 2702 ⁴
1735 2687 1884 2713 reducitur
1898 2687 1928 2713 P.
1944 2702 1977 2706 —-
1992 2687 2002 2702 ⁵
2014 2686 2085 2713 iram
2101 2685 2166 2712 PV.

693 2749 725 2754 --
740 2735 750 2748 ⁰
763 2733 834 2760 illud
853 2734 883 2759 P.
904 2749 937 2752 —
959 2734 968 2748 ⁷
987 2742 1041 2760 0111.
1062 2733 1093 2759 P.
1114 2749 1146 2752 -
1168 2734 1177 2747 s
1197 2741 1251 2758 om.
1273 2732 1301 2758 Ρ.
1319 2748 1352 2750 -
1372 2733 1382 2747 ⁹
1402 2731 1481 2767 quod
1501 2731 1578 2766 quia]
1599 2731 1667 2766 quia
1687 2731 1770 2766 quasi
1790 2731 1820 2757 P.
