2493 3458
718 417 913 452 QUARTUM
943 417 1240 451 QUODLIBETUM,
1270 416 1305 450 Q.
1334 416 1402 441 VIII
1747 416 1798 439 333

863 623 1128 657 QUAESTIO
1161 623 1257 648 VIII

986 701 1148 725 ‹BREVISa

428 798 535 824 Utrum
558 797 691 822 voluntas
712 796 845 821 includat
864 796 939 820 (luas
956 796 1112 829 potentias,
1134 803 1224 819 unam
1242 794 1393 828 passszvam
1414 796 1440 819 et
1460 794 1551 818 aliam
1573 793 1701 818 activum

876 843 954 867 sicut
972 844 1000 868 et
1020 842 1180 867 intellectus
1196 844 1242 871 41).

416 978 522 1003 Postea
548 977 742 1012 quaerebatur
773 986 860 1002 unum
888 976 1035 1011 pertinens
1064 975 1101 1001 ad
1130 979 1262 1000 naturam
1291 975 1445 999 humanam
1473 973 1655 1008 generaliter,
1684 972 1798 998 scilicet

326 1029 421 1051 utrum
442 1025 578 1050 voluntas
608 1024 736 1050 includat
766 1025 838 1049 duas
860 1023 1016 1058 potentias,
1039 1032 1125 1048 unam
1155 1022 1301 1057 passivam
1329 1026 1357 1047 et
1384 1022 1468 1047 aliam
1496 1021 1620 1046 activam
1649 1021 1723 1045 sicut
1749 1021 1800 1045 et¹

328 1073 500 1098 intellectus.
531 1073 566 1098 Et
596 1072 726 1106 arguitur
753 1072 831 1106 quod
861 1072 911 1102 sic,
941 1071 1008 1105 quia
1037 1070 1144 1096 mobile
1179 1073 1295 1104 oportet
1327 1068 1542 1103 proportiouari
1575 1068 1711 1093 moventi.
1742 1067 1801 1093 Sed

328 1121 463 1146 voluntas
491 1124 626 1145 movetur
652 1120 687 1145 ab
716 1119 875 1145 intellectu.
904 1120 982 1153 Ergo
1010 1119 1085 1144 sicut
1111 1122 1154 1144 est
1181 1118 1249 1143 dare
1277 1117 1455 1142 intellectum
1487 1120 1622 1149 agentem
1655 1120 1683 1141 et
1710 1115 1801 1149 passi-

328 1177 395 1193 vum
417 1167 479 1193 sive
500 1167 679 1202 passibilem,
699 1167 738 1192 ita
759 1171 876 1201 oportet
895 1176 1005 1201 ponere
1026 1166 1206 1192 voluntatem
1228 1169 1361 1200 agentem
1383 1169 1412 1190 et
1435 1165 1614 1190 voluntatem
1645 1163 1801 1198 passivam.

418 1215 528 1241 Contra
549 1219 593 1241 est
614 1215 692 1249 quod
713 1215 808 1240 nullus
830 1219 931 1240 auctor
945 1215 954 1229 ‘-'
974 1213 1119 1240 invenitur
1138 1214 1192 1239 hoc
1213 1212 1355 1247 posuisse.
1376 1213 1453 1246 Ergo
1475 1216 1503 1237 et
1523 1216 1630 1237 cetera.

418 1263 595 1297 Respondeo
610 1262 765 1288 dicendum
781 1262 859 1296 quod
874 1271 930 1288 non
952 1266 1068 1296 oportet
1090 1270 1200 1296 ponere
1221 1261 1401 1286 voluntatem
1425 1264 1560 1294 agentem
1582 1264 1611 1285 et
1631 1259 1800 1293 possibilem

329 1311 403 1337 sicut
439 1311 557 1345 ponitur
591 1311 618 1336 in
655 1310 812 1336 intellectu.
845 1311 879 1335 Et
912 1310 985 1335 ratio
1018 1309 1101 1335 huius
1115 1310 1133 1341 ³,
1172 1309 1239 1342 quia
1271 1308 1431 1334 necessitas
1464 1307 1590 1341 ponendi
1624 1307 1802 1332 intellectum

331 1363 466 1391 agentem
486 1368 543 1384 una
567 1367 631 1384 cum
656 1358 788 1392 possibili
813 1363 857 1383 est
874 1360 881 1372 ⁴
903 1358 969 1392 quia
992 1366 1038 1383 res
1061 1357 1219 1383 materialis
1242 1365 1299 1382 non
1320 1360 1364 1381 est
1389 1355 1537 1381 sufficiens
1560 1364 1612 1389 per
1632 1364 1662 1380 se
1682 1363 1801 1379 movere

329 1407 491 1441 potentiam
523 1406 752 1436 immaterialem,
784 1410 813 1431 et
852 1405 919 1431 ideo
951 1410 1067 1439 praeter
1107 1406 1312 1439 phantasmata
1350 1407 1465 1437 oportet
1499 1411 1609 1437 ponere
1640 1402 1802 1436 potentiam

330 1453 551 1480 immaterialem
579 1458 714 1488 agentem
743 1453 855 1479 scilicet
888 1453 1066 1478 intellectum
1100 1456 1243 1487 agentem.
1276 1452 1418 1477 Voluntas
1451 1455 1547 1476 autem
1579 1459 1637 1475 non
1669 1454 1803 1475 movetur

330 1501 497 1527 immediate
522 1510 537 1527 a
560 1510 590 1527 re
614 1501 757 1527 materiali
773 1502 790 1533 ⁵,
811 1501 863 1527 sed
889 1505 1022 1526 movetur
1048 1501 1084 1525 ab
1111 1500 1296 1534 apprehenso
1317 1508 1369 1533 per
1391 1499 1571 1524 intellectum
1595 1502 1623 1524 et
1646 1498 1703 1523 iam
1723 1497 1802 1523 facto

329 1549 522 1575 immateriali.
555 1550 591 1575 Et
623 1549 691 1575 ideo
724 1558 782 1574 non
816 1552 933 1583 oportet
965 1557 1074 1583 ponere
1106 1547 1268 1582 potentiam
1304 1546 1523 1572 immaterialem
1560 1549 1695 1580 agentem
1728 1554 1802 1580 quae

330 1597 420 1624 faciat
446 1606 506 1623 rem
528 1597 626 1631 aliquo
647 1597 735 1622 modo
756 1596 976 1622 immaterialem
1005 1596 1116 1622 adhoc
1143 1595 1222 1629 quod
1250 1594 1342 1629 possit
1371 1603 1489 1620 movere
1515 1593 1677 1628 appetitum
1704 1593 1803 1618 imma-

328 1645 469 1677 terialem⁷
490 1649 606 1679 praeter
631 1644 820 1675 intellectum,
842 1648 964 1679 propter
992 1643 1071 1678 quod
1099 1652 1157 1669 non
1184 1646 1301 1677 oportet
1326 1651 1435 1677 ponere
1461 1642 1641 1667 voluntatem
1668 1644 1803 1675 agentem

330 1696 359 1718 et
382 1692 553 1727 possibilem
577 1692 652 1718 sicut
672 1692 789 1727 ponitur
814 1692 978 1718 intellectus
1002 1700 1093 1726 agens
1117 1695 1145 1717 et
1168 1690 1325 1725 possibilis.
1349 1690 1409 1715 Sed
1432 1690 1456 1715 si
1477 1689 1611 1715 voluntas
1636 1688 1803 1714 immediate.

329 1740 518 1766 movereturss
532 1748 547 1765 a
567 1749 598 1766 re
621 1740 763 1766 materiali
784 1749 842 1766 non
862 1739 941 1765 facta
961 1742 1058 1765 autem
1077 1738 1261 1764 immateriali
1281 1746 1334 1772 per
1347 1737 1610 1772 apprehensionem
1631 1736 1804 1768 intellectus,

330 1792 399 1814 tune
424 1789 500 1814 bene
526 1792 677 1823 oporteret
701 1796 812 1823 ponere
839 1788 1020 1813 voluntatem
1047 1790 1183 1821 agentem
1200 1787 1208 1801 ⁷
1237 1790 1265 1812 et
1294 1785 1473 1820 possibilem.
1502 1785 1561 1810 Et8
1587 1784 1654 1819 quia
1680 1784 1719 1809 ita
1745 1792 1804 1809 non

331 1839 384 1867 est,
397 1835 464 1862 ideo
479 1844 537 1861 non
557 1839 674 1870 oportet
694 1844 803 1870 ponere
823 1835 911 1861 talem
932 1834 1149 1861 distinctionem
1169 1833 1365 1868 potentiarum
1385 1833 1413 1858 in
1434 1833 1583 1858 voluntate
1604 1832 1665 1858 sive
1680 1835 1806 1866 ponatur

331 1887 442 1909 tantum
474 1883 596 1909 activa⁹
628 1883 689 1909 sive
723 1887 850 1918 ponatur
881 1887 993 1908 tantum
1021 1882 1139 1917 passiva
1172 1881 1207 1907 ab
1234 1881 1351 1907 obiecto
1377 1880 1440 1906 sive
1466 1884 1591 1915 ponatur
1616 1879 1735 1914 passiva
1768 1879 1803 1905 ab

329 1931 446 1957 obiecto
476 1935 505 1957 et
534 1935 637 1965 postea
669 1930 748 1957 facta
780 1931 808 1956 in
838 1934 904 1956 actu
922 1931 940 1945 ¹⁰
972 1934 1098 1965 ponatur
1130 1930 1225 1955 activa
1254 1933 1391 1963 respectu
1424 1929 1543 1954 aliarum
1572 1928 1804 1962 potentiarum¹¹

329 1978 508 2014 impellendo
529 1987 579 2004 eas
594 1979 630 2004 ad
645 1979 814 2005 exercitium
831 1983 921 2004 actus.
937 1979 1040 2005 Utrum
1055 1982 1150 2003 autem
1166 1978 1203 2003 sit
1217 1977 1354 2012 ponenda
1371 1977 1390 1991 ¹2
1410 1976 1437 2002 in
1458 1977 1609 2002 voluntate
1624 1975 1771 2001 distinctio
1786 1975 1806 1990 ¹³

330 2027 359 2053 in
379 2026 639 2061 concupiscibilem
659 2030 688 2052 et
705 2028 723 2041 ¹⁴
743 2026 930 2058 irascibilem,
950 2025 1020 2051 nihil
1041 2025 1077 2051 ad
1097 2034 1245 2060 praesens.

419 2074 465 2100 Ad
485 2073 628 2100 rationem
648 2074 676 2099 in
698 2074 866 2109 oppositum
888 2073 1043 2099 (licendum
1071 2073 1150 2108 quod
1177 2073 1214 2098 ad
1234 2073 1289 2098 hoc
1319 2072 1397 2107 quod
1414 2073 1433 2087 ¹⁵
1462 2072 1596 2097 voluntas
1628 2071 1665 2097 sit
1684 2080 1805 2106 propor-

330 2121 473 2147 tionatum
502 2122 611 2147 mobile
637 2126 774 2156 respectu
800 2121 975 2152 intellectus,
1001 2121 1110 2147 sufficit
1142 2121 1221 2155 quod
1247 2120 1283 2146 sit
1311 2120 1458 2155 appetitus
1493 2119 1692 2157 immaterialis
1720 2123 1805 2145 natus

331 2169 442 2195 moveri
457 2178 473 2194 a
493 2169 570 2195 bono
587 2170 773 2204 apprehenso
787 2169 1025 2201 immaterialiter,
1040 2173 1068 2195 et
1088 2168 1125 2194 ad
1145 2169 1200 2194 hoc
1220 2177 1277 2194 non
1298 2168 1429 2203 sequitur
1446 2168 1465 2183 ¹ss
1484 2167 1636 2202 praedicta
1656 2166 1804 2193 distinctio

332 2217 360 2242 in
380 2217 560 2243 voluntatem
587 2218 590 2250 Ι
617 2221 753 2252 agentem
775 2221 803 2243 et
823 2217 993 2252 possibilem
1013 2221 1044 2242 ut
1064 2217 1166 2251 patuit.

423 2425 431 2439 ¹
445 2432 499 2449 om.
522 2423 553 2450 C.
575 2439 607 2442 —
637 2424 646 2438 ’Ξ
661 2427 742 2450 actor
755 2423 824 2458 (sic)
845 2423 877 2449 C.
898 2439 931 2442 -
958 2423 968 2438 ³
982 2426 1026 2449 est
1046 2423 1114 2449 add.
1136 2422 1168 2449 C.
1189 2438 1221 2441 —
1248 2424 1258 2438 ⁴
1272 2423 1328 2449 ista
1348 2423 1415 2448 add.
1437 2422 1469 2449 C.
1490 2438 1522 2441 —-
1553 2423 1562 2437 ⁵
1576 2422 1700 2448 naturali
1721 2422 1753 2448 C.
1773 2437 1806 2440 ——

331 2467 342 2482 ⁶
355 2466 523 2493 immediate
544 2468 720 2500 moveretur]
742 2470 908 2493 moveretur
927 2466 1095 2492 immediate
1115 2465 1147 2493 C.
1177 2482 1209 2485 -
1241 2467 1249 2481 ⁷
1262 2471 1380 2501 gentem
1400 2466 1470 2501 (sic)
1491 2466 1523 2493 C.
1553 2482 1585 2485 —
1615 2467 1625 2481 ³
1638 2466 1691 2493 sed
1712 2466 1744 2493 C.
1774 2482 1807 2485 -—

329 2511 342 2526 ⁹
356 2511 391 2536 ab
406 2511 524 2537 obiecto
544 2511 612 2537 add.
634 2510 666 2537 C.
687 2526 719 2529 —
742 2511 762 2526 ¹⁰
776 2519 830 2536 om.
852 2510 884 2536 C.
905 2526 938 2529 —
960 2511 979 2525 ¹¹
995 2509 1116 2536 aliarum
1135 2509 1341 2544 potentiarum]
1362 2510 1558 2545 potentiarum
1579 2510 1699 2536 aliarum
1721 2510 1753 2537 C.
1774 2525 1807 2528 —

334 2554 355 2569 ³²
367 2563 478 2588 ponere
499 2554 530 2580 C.
560 2570 594 2573 —
624 2555 644 2570 ¹³
659 2554 879 2581 distinctionem
899 2553 931 2580 C.
961 2569 994 2572 —-
1025 2553 1319 2588 “concupiscibilem
1346 2555 1384 2587 et]
1406 2563 1460 2580 om.
1483 2553 1515 2580 C.
1535 2569 1568 2573 —
1600 2555 1620 2569 ²⁵
1634 2561 1690 2580 om.
1712 2554 1744 2580 C.
1774 2569 1807 2573 —

334 2597 355 2613 ¹⁶
368 2597 524 2633 requiritur
544 2597 576 2624 C.

423 2712 462 2744 (1)
483 2710 542 2737 Cfr.
562 2720 610 2746 pp.
630 2712 755 2738 257-258.
1685 2711 1720 2736 43

1860 2219 1926 2245 cod.
1941 2219 1962 2245 S

1840 2254 1890 2281 fol.
1903 2256 1937 2281 49
1951 2254 1993 2280 Vb
