2493 3458
665 442 879 472 SECUNDUM
910 445 1207 478 QUODLIBETUM„
1237 444 1272 478 Q.
1301 445 1353 469 VH
1700 442 1744 468 107

275 542 326 569 est
350 541 511 578 respectu
546 535 692 567 alterius.
724 535 794 567 Sed
830 536 958 566 habere
988 534 1111 575 poterit
1140 533 1307 565 rationem
1345 533 1520 575 potentiae
1551 533 1744 564 secundum

276 594 367 635 quid,
392 604 480 635 quae
498 594 587 625 bene
606 593 686 624 facit
711 592 823 633 ipsum
852 592 1046 623 subiectum
1075 602 1152 623 esse
1182 602 1244 622 ens
1277 591 1310 622 in
1340 596 1418 622 actu
1437 590 1636 631 simpliciter
1662 590 1745 621 etin

274 652 427 693 potentia
446 651 725 692 quodammodo3
752 660 857 690 quare
881 661 921 681 ex
946 649 1023 690 ipso
1052 655 1084 680 et
1110 649 1165 680 illo
1191 649 1233 680 ad
1264 648 1356 689 quod
1380 649 1429 680 sic
1458 653 1509 679 est
1536 648 1568 678 in
1594 647 1745 689 pauentia

274 721 344 740 non
371 708 495 750 poterit
519 708 591 739 fieri
617 707 747 738 unum¹
774 707 1010 738 essentialiter.
1031 706 1209 737 Praedicta
1236 712 1349 737 antem
1376 711 1521 747 possunt
1547 717 1607 746 per
1637 705 1746 737 simile.

274 766 451 804 declarari,
484 765 564 806 quia
596 765 673 796 licet
706 765 818 805 aliqua
851 765 997 805 qualitas
1030 775 1099 795 non
1135 765 1192 794 (let
1225 764 1270 794 ita
1298 764 1507 804 completum
1538 774 1615 794 esse
1645 764 1746 804 quale

274 824 362 856 sicut
380 824 505 855 albedo
523 824 575 855 vel
599 822 752 861 scientia,
776 828 890 853 tamen
916 822 1089 863 quaelibet
1116 822 1225 853 forma
1248 821 1401 853 existens
1428 821 1460 852 in
1486 832 1615 862 genere
1641 821 1746 861 quali-

274 881 351 913 tatis
371 883 428 913 dat
446 892 523 913 esse
542 881 642 922 quale
672 880 870 921 simpliciter
888 885 921 911 et
948 880 1128 921 complete⁷
1148 879 1235 910 sicut
1262 879 1407 919 nigredo
1432 879 1490 910 dat
1515 890 1592 910 6556
1610 878 1745 921 nigrum

274 939 446 981 complete
483 939 576 980 quod
613 944 664 970 est
699 949 778 969 esse
814 938 914 979 quale
947 937 1155 978 simpliciter,
1189 937 1267 968 licet
1300 937 1381 968 illud
1415 947 1492 968 esse
1525 947 1595 967 non
1628 936 1669 967 sit
1702 936 1747 967 ita

273 997 483 1038 completum
512 1001 545 1028 et
572 996 764 1038 perfectum
794 995 882 1027 sicut
907 1005 985 1027 esse
1014 995 1139 1026 album.
1159 994 1253 1037 Ergo
1271 1005 1290 1025 a
1319 994 1418 1025 simili
1444 994 1619 1035 quaelibet
1638 994 1747 1024 forma

273 1055 308 1086 in
346 1064 475 1097 genere
515 1053 728 1085 substantiae
766 1053 917 1085 existens
956 1053 1014 1084 dat
1054 1053 1226 1094 complete
1266 1063 1343 1083 esse
1393 1058 1472 1083 actu
1518 1051 1746 1082 substantiam

274 1112 433 1153 aliquam,
452 1111 531 1143 licet
562 1122 633 1143 non
666 1111 708 1142 sit
736 1110 808 1142 ita*2
840 1111 1012 1152 completa
1041 1116 1073 1142 et
1105 1111 1259 1152 perfecta
1288 1109 1482 1141 substantia
1507 1109 1595 1140 sicut
1622 1109 1747 1140 multae

274 1170 369 1201 aliae.
404 1170 475 1201 Sed
509 1169 592 1200 illud
623 1169 717 1210 quod
753 1168 893 1200 advenit
925 1168 1026 1199 alicui
1059 1168 1153 1209 quod
1186 1173 1238 1199 est
1271 1168 1442 1208 complete
1476 1166 1669 1198 substantia
1696 1172 1747 1197 est

274 1227 447 1259 accidens.
474 1227 567 1269 Ergo
593 1232 625 1258 et
650 1232 774 1258 cetera.

365 1284 558 1317 praemissa
587 1284 716 1316 etiam-³
744 1289 893 1326 possunt
923 1283 1133 1315 manifestari
1162 1283 1221 1322 sic,
1252 1283 1415 1324 quoniam
1445 1283 1532 1314 haec
1561 1288 1613 1314 est
1642 1293 1748 1314 causa

275 1353 381 1384 quare
399 1353 440 1375 ex
457 1341 599 1374 materia
617 1347 649 1374 et
666 1342 775 1374 forma
793 1342 830 1373 fit
854 1353 960 1373 unum
986 1341 1186 1382 simpliciter
1211 1340 1282 1373 sive
1309 1351 1369 1382 per
1394 1352 1431 1372 se
1450 1346 1482 1372 et
1508 1340 1746 1378 essentialiter,

274 1400 353 1442 quia
385 1400 527 1432 materia
559 1400 602 1432 de
635 1410 672 1432 se
712 1410 782 1431 non
816 1399 897 1431 dicit
933 1399 1081 1441 aliquam
1118 1399 1293 1431 entitatem
1334 1399 1503 1430 actualem
1545 1398 1578 1429 in
1618 1409 1748 1441 genere

274 1458 499 1497 substantiae,
533 1459 595 1490 sed
628 1458 740 1489 solum
773 1457 1018 1499 potentialem3
1053 1462 1104 1488 est
1139 1457 1229 1489 enim
1255 1456 1406 1488 medium
1443 1456 1530 1488 inter
1562 1467 1646 1497 pure
1677 1467 1747 1487 non

274 1527 336 1548 ens
355 1521 388 1548 et
416 1516 504 1548 inter
528 1521 607 1547 actu
637 1526 719 1554 ens;
746 1521 779 1547 et
807 1515 887 1547 ideo
917 1515 1005 1546 sicut
1031 1515 1118 1546 inter
1147 1514 1324 1546 materiam
1354 1520 1386 1546 et
1414 1525 1484 1546 non
1511 1525 1587 1546 esse
1606 1513 1748 1545 omnino

273 1573 400 1616 aliquid
429 1573 570 1606 inferius
596 1584 666 1605 non
696 1579 747 1605 est
776 1573 937 1611 medium,
968 1573 1012 1604 ita
1042 1572 1142 1605 etiam
1176 1573 1264 1605 inter
1291 1572 1467 1604 materiam
1502 1577 1534 1603 et
1565 1582 1643 1604 6556
1671 1571 1748 1602 sim-

272 1631 406 1674 pliciter
434 1632 478 1663 ad
507 1631 666 1674 superius
695 1642 767 1663 non
796 1636 847 1663 est
876 1631 1027 1662 medium
1042 1631 1062 1662 ⁴.
1093 1631 1241 1673 Oportet
1266 1641 1351 1673 ergo
1377 1630 1471 1672 quod
1497 1630 1609 1661 omnis
1636 1630 1748 1661 forma

272 1695 590 1732 quantumcumque
630 1689 840 1731 imperfecta,
874 1689 902 1720 si
940 1689 1133 1721 secundum
1166 1688 1398 1720 actualitatem
1432 1699 1533 1729 quam
1575 1693 1655 1719 nata
1696 1693 1748 1719 est

272 1749 400 1780 habere
424 1748 617 1780 secundum
641 1758 678 1779 se
700 1747 743 1779 sit
764 1747 798 1779 in
823 1747 974 1786 materia,
999 1753 1031 1779 et
1053 1758 1123 1779 non
1152 1747 1264 1778 solum
1289 1746 1331 1778 sit
1359 1746 1392 1777 in
1422 1746 1497 1787 ipsa
1522 1746 1556 1777 in
1582 1745 1747 1787 potentia,

274 1806 366 1847 quod
385 1805 469 1838 (16ῐὅ
495 1806 656 1837 materiae
681 1816 758 1838 esse
784 1805 991 1847 simpliciter,
1020 1811 1053 1837 et
1082 1805 1175 1846 quod
1200 1804 1399 1836 huiusmodi
1424 1804 1534 1835 forma
1559 1803 1592 1835 in
1618 1814 1748 1844 genere

273 1864 487 1896 substantiae
512 1864 555 1895 sit
579 1870 676 1895 actus
702 1869 735 1896 et
760 1864 870 1895 forma
895 1863 1095 1905 simpliciter
1120 1863 1208 1894 sicut
1232 1868 1264 1894 et
1288 1862 1363 1904 ipsa
1388 1861 1530 1893 materia
1556 1861 1589 1892 in
1616 1872 1746 1904 genere

272 1922 486 1954 substantiae
511 1927 563 1954 est
587 1922 743 1963 potentia
768 1920 993 1963 5111191161ῖ6ῑ6
1019 1926 1051 1953 et
1077 1926 1200 1953 cetera.
1228 1921 1269 1952 Et
1295 1920 1487 1952 secundum
1512 1921 1581 1951 hoc
1606 1919 1749 1951 materia

272 1991 342 2012 non
361 1979 443 2012 dicit
460 1979 587 2021 aliquid
614 1979 820 2012 actualitatis
849 1980 912 2011 sed
930 1990 1048 2021 puram
1080 1978 1291 2021 potentia1n;
1322 1983 1462 2020 propter
1488 1978 1581 2019 quod
1607 1989 1648 2009 ex
1674 1977 1749 2018 ipsa

273 2048 351 2069 cum
379 2048 599 2079 quacumque
628 2038 738 2069 forma
767 2037 984 2069 substantiali
1016 2037 1052 2068 fit
1084 2048 1189 2068 unum
1220 2036 1429 2078 simpliciter.
1461 2036 1539 2067 Hoc
1564 2041 1658 2077 patet
1688 2046 1749 2077 per

273 2095 590 2127 Commentatorem
610 2097 655 2136 (1)
685 2095 718 2127 in
737 2096 780 2127 de
809 2095 1002 2127 substantia
1020 2094 1113 2126 orbis
1132 2094 1324 2126 dicentem:
1394 2094 1598 2125 Aristoteles
1619 2093 1748 2124 invenit

273 2153 594 2185 transmutationem
623 2153 879 2185 individuorum
912 2153 946 2184 in
980 2152 1267 2195 dispositionibus
1297 2163 1385 2193 quae
1411 2151 1543 2183 faciunt
1572 2150 1748 2182 individua

346 2323 353 2337 ¹
373 2312 544 2357 simpliciter
563 2323 631 2348 add.
652 2323 681 2349 P.
697 2337 729 2341 —-
744 2323 754 2337 ²
774 2331 828 2348 om.
849 2322 879 2348 P.
900 2338 932 2341 —
953 2323 962 2337 ⁸
983 2326 1079 2348 autem
1100 2322 1129 2347 P.
1153 2338 1184 2340 —
1207 2323 1215 2336 ⁴
1236 2321 1275 2347 ita
1295 2321 1382 2347 etiam
1397 2337 1428 2340 —
1444 2321 1580 2354 medium]
1596 2330 1650 2346 om.
1672 2320 1700 2347 P.
1716 2336 1748 2339 —

274 2366 283 2381 ⁶
297 2366 386 2392 debet
400 2367 467 2393 add.
482 2375 579 2401 marg.
594 2367 622 2392 P.
639 2383 670 2385 ἡ
686 2367 695 2380 “
709 2366 783 2392 sicut
799 2382 831 2385 —
847 2366 1026 2400 simpliciter]
1042 2375 1096 2392 om.
1111 2366 1141 2391 P.

363 2484 401 2514 tl)
422 2481 594 2507 Averrois
615 2482 658 2507 De
677 2482 845 2507 substantia
866 2482 951 2513 orbis,
973 2491 996 2508 c.
1012 2483 1025 2507 1
1041 2481 1191 2513 (venetiis,
1207 2482 1282 2513 1550,
1304 2480 1352 2507 123
1366 2481 1480 2509 Ra-Rb).
1498 2496 1505 2504 v
1527 2481 1562 2507 Et
1583 2481 1648 2507 dico
1670 2481 1748 2515 quod

274 2525 474 2552 Aristoteles...
488 2525 598 2552 invenit
612 2526 685 2552 hanc
699 2526 971 2551 transmutationem
987 2526 1100 2551 duobus
1115 2525 1209 2551 modis
1222 2534 1226 2550 :
1247 2528 1296 2550 aut
1316 2525 1587 2551 transmutationem
1603 2525 1629 2550 in
1651 2525 1749 2560 dispo-

274 2569 428 2596 sitionibus
442 2569 613 2596 extrinsecis
633 2578 649 2595 a
670 2569 882 2604 quidditatibus
903 2570 1130 2596 substantiarum
1150 2569 1335 2596 existentium
1356 2579 1408 2604 per
1429 2579 1460 2596 se
1514 2574 1562 2595 aut
1576 2574 1749 2596 transmuta·

273 2613 382 2639 tionem
406 2613 434 2639 in
458 2613 709 2648 dispositionibus,
734 2622 808 2648 quae
832 2613 942 2639 faciunt
968 2614 1118 2639 individua
1141 2613 1305 2639 deferentia
1327 2613 1406 2648 ipsas
1426 2614 1611 2639 transmutari
1633 2614 1748 2639 nomine

275 2661 303 2682 et
326 2657 514 2683 definitione:
538 2666 613 2691 quae
636 2657 839 2683 transmutatio
863 2657 968 2683 dicitur
991 2657 1152 2691 generatio,
1176 2662 1204 2683 et
1227 2657 1414 2692 corruptio
1438 2657 1583 2683 Differunt
1604 2662 1699 2683 autem
1721 2658 1748 2683 in

273 2701 337 2732 hoc,
353 2701 490 2735 quoniam
505 2700 614 2726 invenit
628 2701 900 2726 transmutationem
915 2701 1130 2727 individuorum
1145 2701 1173 2727 in
1188 2701 1247 2727 suis
1268 2701 1439 2727 substantiis
1463 2710 1569 2736 cogere
1584 2701 1747 2727 subiectum

274 2753 332 2770 non
346 2753 411 2770 esse
426 2753 477 2770 ens
491 2744 519 2771 in
534 2748 609 2780 actu,
623 2748 652 2770 et
666 2753 723 2770 non
738 2745 845 2770 habere
860 2744 992 2777 formam,
1014 2754 1070 2779 qua
1091 2744 1308 2771 substantiatur.
1329 2745 1360 2770 Si
1381 2745 1456 2771 enim
1477 2745 1597 2771 haberet
1618 2745 1748 2775 formam,
