2493 3458
782 414 931 440 PRIMUM
962 414 1258 447 QUODLIBETUM
1287 415 1322 448 Q.
1352 415 1377 440 x
1778 416 1810 440 25

344 502 572 541 honestatem,
591 503 684 544 quod
714 513 783 533 non
804 508 923 543 posset
948 503 1019 534 fieri
1046 503 1133 534 inter
1156 503 1299 534 multum
1325 503 1502 535 distantes.
1522 504 1623 535 Unde
1644 503 1725 535 dicit
1742 505 1809 544 (1):

345 561 373 593 si
412 561 517 592 multa
555 560 614 591 fiat
654 559 815 591 distantia
854 559 985 591 virtutis
1020 561 1071 591 vel
1107 560 1254 592 malitiae
1293 561 1347 592 vel
1380 560 1522 592 alicuius
1555 560 1703 599 alterius,
1739 571 1810 592 non

345 619 459 650 adhuc
484 623 563 649 sunt
588 617 697 655 amici,
716 617 795 658 quia
821 628 886 648 nec
913 617 1054 659 dignum
1080 624 1256 659 reputatur
1281 618 1374 659 quod
1399 618 1520 659 aliquis
1549 619 1674 650 habeat
1699 618 1811 649 amici-

345 675 425 707 tiam
455 686 532 707 cum
558 686 599 707 eo
629 675 686 715 qui
711 675 852 705 multum
883 680 933 705 est
962 674 1101 706 inferior
1129 675 1227 716 ipso3
1256 686 1357 718 reges
1386 675 1476 707 enim
1508 686 1577 707 non
1610 675 1812 718 dignificant

346 733 398 764 his
434 743 511 764 esse
553 732 652 763 amici
688 732 745 773 qui
781 732 924 763 multum
959 732 1165 764 defectiores
1202 738 1234 764 et
1270 738 1393 764 cetera.
1430 733 1575 774 Propter
1610 734 1702 774 quod
1741 744 1812 765 non

347 796 460 832 potest
504 790 590 821 inter
630 790 771 820 multum
813 789 979 820 distantes
1020 790 1094 820 talis
1135 790 1284 821 amicitia
1324 801 1402 822 cum
1446 790 1579 822 actibus
1619 791 1662 822 ad
1702 791 1811 832 ipsam

346 847 596 890 pertinentibus
622 847 679 888 qui
705 852 784 878 sunt
810 847 1033 878 delectabiles
1051 853 1084 878 et
1110 847 1251 888 perfecti
1277 848 1500 885 conservari3
1527 854 1559 880 et
1583 848 1662 880 ideo
1681 849 1812 880 amicus

346 905 518 946 [amicum]
552 905 586 936 in
613 910 778 945 quantum
812 904 942 936 amicus
976 910 1027 935 est
1061 910 1093 936 et
1125 904 1175 936 sic
1200 906 1264 936 sub
1301 905 1433 937 ratione
1470 905 1638 938 amicitiae
1675 905 1813 948 proprie

346 961 468 999 dictae,
494 972 564 993 non
591 966 705 1002 potest
731 961 817 992 velle
843 960 953 992 amico
984 961 1129 991 maxima
1158 962 1260 999 bona,
1290 962 1355 993 nisi
1377 962 1385 978 ¹
1413 962 1513 993 etiam
1543 968 1707 1004 sequatur
1735 973 1813 995 eum

346 1019 433 1051 velle
465 1018 576 1050 amico
610 1029 727 1050 carere
760 1019 853 1059 quod
890 1024 941 1049 est
977 1029 1140 1060 magnum
1176 1019 1316 1050 bonum.
1350 1020 1434 1051 Inde
1470 1026 1522 1051 est
1557 1021 1650 1061 quod
1683 1020 1813 1052 amicus

346 1077 538 1108 secundum
557 1076 651 1117 quod
667 1075 875 1113 huiusmodi,
895 1076 928 1106 id
954 1081 1005 1107 est
1030 1076 1222 1107 secundum
1240 1077 1334 1118 quod
1360 1088 1421 1118 per
1446 1088 1483 1109 se
1501 1077 1648 1120 diligens
1667 1077 1813 1110 amicum

345 1139 382 1165 ut
415 1133 479 1165 sibi
508 1134 745 1174 coaequalem,
779 1133 882 1165 immo
916 1134 1176 1174 quodammodo
1206 1145 1323 1172 unum,
1354 1140 1386 1166 et
1411 1140 1551 1176 propter
1574 1136 1704 1167 bonum
1734 1135 1814 1166 ami-

346 1191 445 1223 citiae
475 1190 709 1232 propriissime
734 1190 857 1229 dietae,
884 1201 954 1222 non
980 1191 1083 1222 debet
1107 1191 1194 1222 velle
1223 1191 1371 1223 maxima
1401 1193 1495 1223 bona
1526 1192 1646 1224 amico.
1664 1193 1707 1224 Et
1727 1193 1814 1224 haec

346 1249 481 1280 videtur
506 1259 583 1280 esse
608 1248 848 1280 determinatio
875 1248 1076 1289 Philosophi
1096 1251 1140 1288 (2)
1159 1254 1283 1281 octavo
1309 1249 1517 1289 Ethicorum,
1536 1250 1594 1281 ubi
1615 1249 1697 1281 dicit
1721 1250 1814 1291 quod

348 1306 489 1344 amicus,
508 1306 595 1337 forte
621 1311 734 1337 autem
765 1316 835 1337 non
866 1317 948 1347 prae
971 1306 1143 1344 omnibus,
1169 1307 1241 1337 vult
1265 1306 1377 1339 amico
1402 1308 1515 1338 bona:
1545 1307 1609 1339 sibi
1634 1307 1699 1349 ipsi
1725 1307 1814 1339 enim

346 1364 493 1395 maxime
512 1364 582 1394 vult
607 1363 845 1404 unusquisque
866 1363 877 1379 ’Ξ
904 1364 1007 1394 bona.
1027 1363 1069 1395 Et
1098 1374 1139 1395 ex
1159 1364 1170 1380 3
1193 1365 1262 1396 hoc
1286 1370 1401 1406 potest
1425 1364 1540 1396 inferri
1565 1366 1659 1406 quod
1684 1365 1815 1397 amicus

348 1432 418 1453 non
444 1422 548 1453 debet
572 1421 659 1452 velle
684 1421 796 1452 amico
821 1422 913 1452 bona
939 1432 1000 1462 per
1024 1432 1113 1462 quae
1138 1423 1259 1463 perdat
1283 1422 1430 1453 amicum
1456 1423 1549 1464 quod
1575 1428 1627 1454 est
1650 1434 1815 1466 magnum

346 1479 490 1510 bonum.

435 1536 506 1568 Sed
531 1535 620 1577 quia,
646 1541 682 1566 ut
713 1535 759 1567 ibi
784 1536 988 1567 determinat
1007 1538 1064 1577 (3),
1094 1542 1229 1578 praeter
1254 1538 1347 1569 hunc
1372 1538 1513 1569 modum
1545 1537 1715 1570 amicitiae
1739 1549 1815 1580 pro-

347 1593 441 1635 priae
461 1593 472 1610 4
505 1599 585 1624 sunt
619 1593 705 1625 aliae
735 1593 905 1625 amicitiae
937 1594 1083 1635 species,
1118 1605 1207 1635 quae
1236 1595 1427 1627 secundum
1461 1595 1815 1637 superabundantiam

347 1657 437 1689 sunt,
462 1656 544 1692 puta
568 1650 655 1692 patri
681 1651 723 1682 ad
741 1651 763 1681 fi
800 1653 802 1691 Ι
839 1651 930 1689 lium,
949 1652 1021 1683 viro
1047 1652 1090 1682 ad
1115 1662 1256 1683 uxorem
1282 1658 1316 1684 et
1340 1652 1520 1694 imperanti
1545 1653 1588 1684 ad
1613 1653 1816 1695 imperatum

347 1713 381 1740 et
404 1708 611 1747 huiusmodi,
634 1708 667 1739 in
693 1708 817 1749 quibus
842 1709 1035 1740 secundum
1059 1709 1188 1751 gradus
1214 1709 1370 1741 diversos
1396 1710 1505 1753 magis
1531 1716 1564 1742 et
1588 1710 1700 1742 minus
1725 1721 1817 1743 rece—

347 1765 437 1797 ditur
465 1766 508 1797 ab
533 1766 732 1797 huiusmodi
760 1766 907 1797 amicitia
934 1766 1083 1808 propria,
1112 1766 1145 1798 in
1164 1772 1329 1808 quantum
1344 1767 1378 1798 in
1407 1767 1471 1799 illis
1496 1768 1605 1799 maior
1628 1769 1682 1800 vel
1707 1768 1818 1800 minor

348 1834 513 1855 excessus
530 1823 618 1855 inter
635 1829 790 1855 amantes
815 1823 996 1863 invenitur,
1016 1843 1055 1846 —
1076 1835 1147 1855 non
1173 1824 1345 1856 receditur
1372 1830 1486 1857 tamen
1516 1836 1535 1856 a
1568 1826 1661 1857 bono
1686 1825 1817 1857 virtutis

347 1881 547 1922 simpliciter
579 1892 646 1922 qua
679 1881 919 1922 unusquisque
955 1881 1004 1913 sic
1039 1881 1234 1923 disponitur
1268 1888 1303 1913 ut
1329 1893 1450 1914 omnes
1482 1882 1600 1926 diligat
1625 1883 1817 1915 secundum

348 1949 445 1970 suam
466 1938 476 1954 5
509 1938 722 1982 dignitatem,
748 1944 780 1970 et
816 1939 1014 1970 huiusmodi
1040 1939 1178 1971 dilectio
1204 1940 1257 1971 vel
1284 1940 1409 1971 amatio
1443 1946 1494 1972 est
1519 1941 1712 1972 secundum
1737 1940 1817 1972 arni-

348 1996 461 2028 citiam
488 1996 635 2038 aliquam
660 1996 738 2028 licet
762 2007 834 2028 non
859 1997 1053 2028 secundum
1079 1997 1302 2038 praedictam,
1321 2003 1354 2030 et
1378 1998 1571 2030 secundum
1596 1999 1686 2030 hanc
1704 1998 1817 2031 amici-

347 2053 428 2085 tiam
464 2055 468 2095 1
505 2065 725 2086 communem
762 2054 863 2086 etiam
895 2054 1044 2096 impares
1077 2054 1177 2087 amici
1212 2055 1278 2087 dici
1312 2062 1460 2097 possunt
1499 2062 1653 2088 amantes
1685 2067 1743 2095 se;
1777 2076 1816 2079 —

347 2111 414 2143 isto
447 2112 552 2143 modo
578 2112 764 2144 dicendum
790 2113 883 2153 quod
909 2112 974 2144 sibi
1003 2112 1150 2144 invicem
1176 2119 1324 2154 possunt
1348 2119 1382 2145 et
1406 2114 1534 2145 debent
1558 2115 1645 2146 velle
1670 2114 1818 2145 maxima

347 2170 451 2208 bona,
470 2170 662 2201 secundum
688 2170 891 2213 dignitatem
916 2176 1030 2202 tamen
1057 2181 1228 2212 personae
1247 2171 1403 2210 dilectae,
1422 2182 1524 2212 quam
1542 2171 1689 2214 diligens
1714 2172 1819 2203 debet

348 2227 435 2259 velle
461 2238 538 2259 esse
563 2227 727 2269 optimam
754 2233 786 2260 et
810 2228 964 2259 maximis
989 2228 1090 2259 bonis
1117 2228 1259 2271 dignam
1284 2234 1318 2260 et
1341 2228 1489 2260 maxima
1513 2230 1606 2261 bona
1631 2230 1758 2261 habere
1783 2229 1818 2261 in

439 2377 447 2391 ¹
461 2385 514 2403 nee
529 2376 560 2403 P.
572 2392 604 2395 —
618 2377 628 2391 ²
642 2377 764 2411 quisque
779 2377 809 2403 Ρ.
822 2393 853 2395 -
865 2377 875 2392 ³
887 2386 940 2403 om.
955 2377 985 2403 P.
997 2393 1029 2396 —
1041 2378 1050 2392 ⁴
1065 2377 1213 2412 proprium
1224 2377 1257 2403 V.
1270 2393 1302 2396 ——
1315 2378 1325 2392 ⁵
1338 2381 1367 2404 et
1380 2378 1448 2404 add.
1460 2378 1490 2404 P.

437 2488 475 2519 (1)
497 2487 706 2514 Aristotelis
726 2488 899 2514 Etlzicornm
919 2487 1192 2517 Nicomaclzeorum,
1212 2488 1228 2514 l.
1243 2488 1320 2520 VIII,
1335 2497 1359 2514 c.
1373 2490 1389 2514 9
1411 2488 1456 2521 [al.
1472 2489 1506 2521 7]‚
1525 2489 1591 2519 (vol.
1608 2489 1643 2520 ΙΙ,
1658 2498 1684 2523 p.
1700 2490 1819 2521 1158-9).

348 2530 432 2561 Δῆλον
453 2529 483 2559 δ’,
504 2528 547 2555 ἐὰν
560 2530 629 2556 πολὺ
648 2530 778 2563 διάστημα
797 2530 910 2566 γίγνεται
930 2530 1024 2563 ἀρετῆ;
1038 2529 1053 2562 ἢ
1068 2529 1160 2559 κακίας
1174 2529 1189 2562 ’ἢ
1204 2529 1327 2564 εὐπορίας
1345 2529 1361 2562 ἥ
1381 2530 1448 2560 τινός
1467 2529 1548 2557 ἄλλου
1563 2552 1568 2557 .
1583 2529 1613 2557 οὐ
1632 2531 1683 2566 γὰρ
1695 2527 1732 2557 ἔτι
1751 2531 1820 2566 φίλοι

349 2570 418 2600 εἰσίν,
433 2570 490 2596 ἀλλ’
510 2569 563 2596 οὐδ’
582 2571 724 2601 ἀξιοῦσιν...
745 2573 829 2603 Δῆλον
847 2571 874 2597 δὲ
892 2572 935 2597 καὶ
955 2570 996 2597 ἐπὶ
1015 2574 1067 2597 τῶν
1086 2570 1212 2605 βασιλέων
1228 2579 1233 2584 “
1248 2570 1307 2597 οὐδε
1325 2572 1376 2606 γὰρ
1394 2571 1496 2601 τούτοις
1515 2571 1624 2601 ἀξιοῦσιν
1638 2572 1701 2598 εἶναι
1715 2572 1784 2607 φίλοι
1797 2572 1821 2598 οἱ

348 2612 418 2637 πολὺ
432 2611 641 2647 καταδεέστεροι.
660 2630 689 2632 -
715 2616 752 2643 (2)
775 2614 858 2645 llud,
873 2614 889 2639 l.
905 2614 981 2645 VIII,
996 2622 1020 2639 c.
1034 2616 1049 2639 9
1065 2614 1109 2646 [al.
1125 2615 1159 2647 7]‚
1181 2620 1219 2648 (p.
1235 2615 1322 2643 1159).
1342 2612 1484 2647 Ἀνθρώπω
1503 2613 1530 2639 δὲ
1548 2612 1602 2639 ὄντι
1621 2613 1778 2647 βουλήσεται
1790 2614 1822 2639 τὰ

351 2654 461 2691 μέγιστα
473 2656 568 2691 ἀγαθὰ.
589 2655 651 2685 ἴσως
664 2655 717 2682 δὀὐ
735 2655 820 2682 πάντα
833 2664 838 2669 ·
853 2656 924 2690 αὑτῷ
937 2656 988 2690 γὰρ
1002 2655 1104 2688 μάλισθ’
1123 2656 1234 2685 ἕκαστος
1254 2656 1375 2689 βούλεται
1393 2657 1502 2693 τάγαθά.
1519 2675 1551 2678 -
1566 2660 1602 2691 (3¹,
1619 2659 1702 2692 llud„
1716 2660 1731 2685 l.
1745 2660 1822 2691 VIII,

351 2709 374 2727 e.
388 2703 404 2727 8
420 2702 466 2735 [ai.
482 2703 517 2735 7].
1735 2705 1753 2730 4

1873 1626 1936 1652 cod.
1949 1626 1973 1652 V

1844 1661 1893 1688 fol.
1904 1663 1955 1688 254
1965 1661 2006 1688 Vn

1874 2042 1938 2069 cod.
1953 2041 1975 2068 P

1845 2077 1895 2104 fol.
1907 2079 1958 2104 138
1968 2077 2009 2103 Rb
