<?xml version="1.0" encoding="UTF-8"?>
<!DOCTYPE html PUBLIC "-//W3C//DTD XHTML 1.0 Transitional//EN"
    "http://www.w3.org/TR/xhtml1/DTD/xhtml1-transitional.dtd">
<html xmlns="http://www.w3.org/1999/xhtml" xml:lang="en" lang="en">
 <head>
  <title>
</title>
<meta http-equiv="Content-Type" content="text/html;charset=utf-8" />
  <meta name='ocr-system' content='tesseract 3.04.00' />
  <meta name='ocr-capabilities' content='ocr_page ocr_carea ocr_par ocr_line ocrx_word'/>
</head>
<body>
  <div class='ocr_page' id='page_1' title='image "./lesquatrepremier00godf_0087.png"; bbox 0 0 2493 3458; ppageno 0'>
   <div class='ocr_carea' id='block_1_1' title="bbox 710 434 1797 469">
    <p class='ocr_par' dir='ltr' id='par_1_1' title="bbox 710 434 1797 469">
     <span class='ocr_line' id='line_1_1' title="bbox 710 434 1797 469; baseline -0.001 -9"><span class='ocrx_word' id='word_1_1' title='bbox 710 434 924 461; x_wconf 87' lang='lat' dir='ltr'><strong>SECUNDUM</strong></span> <span class='ocrx_word' id='word_1_2' title='bbox 954 435 1249 469; x_wconf 74' lang='lat' dir='ltr'>QUODLIBETUM,</span> <span class='ocrx_word' id='word_1_3' title='bbox 1279 435 1314 468; x_wconf 80' lang='lat' dir='ltr'>Q.</span> <span class='ocrx_word' id='word_1_4' title='bbox 1342 435 1368 460; x_wconf 91' lang='grc' dir='ltr'>Π</span> <span class='ocrx_word' id='word_1_5' title='bbox 1764 435 1797 459; x_wconf 86' lang='grc'>65</span> 
     </span>
    </p>
   </div>
   <div class='ocr_carea' id='block_1_2' title="bbox 332 523 1800 907">
    <p class='ocr_par' dir='ltr' id='par_1_2' title="bbox 332 523 1800 907">
     <span class='ocr_line' id='line_1_2' title="bbox 332 523 1798 566; baseline -0.001 -11"><span class='ocrx_word' id='word_1_6' title='bbox 332 523 532 566; x_wconf 88' lang='lat' dir='ltr'>simpliciter</span> <span class='ocrx_word' id='word_1_7' title='bbox 562 529 595 555; x_wconf 91' lang='lat' dir='ltr'>et</span> <span class='ocrx_word' id='word_1_8' title='bbox 630 523 664 554; x_wconf 90' lang='lat' dir='ltr'>in</span> <span class='ocrx_word' id='word_1_9' title='bbox 700 528 779 555; x_wconf 85' lang='lat' dir='ltr'>actu</span> <span class='ocrx_word' id='word_1_10' title='bbox 813 529 845 554; x_wconf 87' lang='lat' dir='ltr'>et</span> <span class='ocrx_word' id='word_1_11' title='bbox 878 523 1137 564; x_wconf 86' lang='lat' dir='ltr'>praedicatione</span> <span class='ocrx_word' id='word_1_12' title='bbox 1171 523 1345 555; x_wconf 77' lang='lat' dir='ltr'>essentiali</span> <span class='ocrx_word' id='word_1_13' title='bbox 1382 523 1476 564; x_wconf 86' lang='lat' dir='ltr'>quod</span> <span class='ocrx_word' id='word_1_14' title='bbox 1504 533 1574 554; x_wconf 91' lang='lat' dir='ltr'>non</span> <span class='ocrx_word' id='word_1_15' title='bbox 1611 523 1732 554; x_wconf 80' lang='lat' dir='ltr'>existat</span> <span class='ocrx_word' id='word_1_16' title='bbox 1765 523 1798 554; x_wconf 90' lang='lat' dir='ltr'>in</span> 
     </span>
     <span class='ocr_line' id='line_1_3' title="bbox 334 579 1799 621; baseline -0.001 -9"><span class='ocrx_word' id='word_1_17' title='bbox 334 586 422 620; x_wconf 86' lang='lat' dir='ltr'>actu,</span> <span class='ocrx_word' id='word_1_18' title='bbox 452 591 518 613; x_wconf 87' lang='lat' dir='ltr'>nec</span> <span class='ocrx_word' id='word_1_19' title='bbox 549 580 741 612; x_wconf 89' lang='lat' dir='ltr'>substantia</span> <span class='ocrx_word' id='word_1_20' title='bbox 770 580 803 611; x_wconf 91' lang='lat' dir='ltr'>in</span> <span class='ocrx_word' id='word_1_21' title='bbox 833 580 987 621; x_wconf 85' lang='lat' dir='ltr'>potentia</span> <span class='ocrx_word' id='word_1_22' title='bbox 1017 580 1140 612; x_wconf 88' lang='lat' dir='ltr'>dicitur</span> <span class='ocrx_word' id='word_1_23' title='bbox 1165 580 1230 611; x_wconf 89' lang='lat' dir='ltr'>nisi</span> <span class='ocrx_word' id='word_1_24' title='bbox 1257 581 1349 621; x_wconf 92' lang='lat' dir='ltr'>quod</span> <span class='ocrx_word' id='word_1_25' title='bbox 1381 580 1494 612; x_wconf 82' lang='lat' dir='ltr'>existit</span> <span class='ocrx_word' id='word_1_26' title='bbox 1522 579 1556 610; x_wconf 89' lang='lat' dir='ltr'>in</span> <span class='ocrx_word' id='word_1_27' title='bbox 1581 580 1734 621; x_wconf 84' lang='lat' dir='ltr'>potentia</span> <span class='ocrx_word' id='word_1_28' title='bbox 1767 586 1799 611; x_wconf 89' lang='lat' dir='ltr'>et</span> 
     </span>
     <span class='ocr_line' id='line_1_4' title="bbox 334 637 1799 678; baseline -0.001 -8"><span class='ocrx_word' id='word_1_29' title='bbox 334 644 458 670; x_wconf 88' lang='lat' dir='ltr'>cetera.</span> <span class='ocrx_word' id='word_1_30' title='bbox 492 638 542 669; x_wconf 86' lang='lat' dir='ltr'>Ea</span> <span class='ocrx_word' id='word_1_31' title='bbox 575 644 687 669; x_wconf 87' lang='lat' dir='ltr'>autem</span> <span class='ocrx_word' id='word_1_32' title='bbox 729 648 818 678; x_wconf 89' lang='lat' dir='ltr'>quae</span> <span class='ocrx_word' id='word_1_33' title='bbox 850 648 921 668; x_wconf 90' lang='lat' dir='ltr'>non</span> <span class='ocrx_word' id='word_1_34' title='bbox 954 644 1033 669; x_wconf 91' lang='lat' dir='ltr'>sunt</span> <span class='ocrx_word' id='word_1_35' title='bbox 1065 638 1099 669; x_wconf 92' lang='lat' dir='ltr'>in</span> <span class='ocrx_word' id='word_1_36' title='bbox 1132 637 1312 669; x_wconf 82' lang='lat' dir='ltr'>existentia</span> <span class='ocrx_word' id='word_1_37' title='bbox 1344 643 1377 669; x_wconf 93' lang='lat' dir='ltr'>et</span> <span class='ocrx_word' id='word_1_38' title='bbox 1408 638 1538 669; x_wconf 90' lang='lat' dir='ltr'>habent</span> <span class='ocrx_word' id='word_1_39' title='bbox 1573 638 1683 668; x_wconf 86' lang='lat' dir='ltr'>solum</span> <span class='ocrx_word' id='word_1_40' title='bbox 1722 648 1799 669; x_wconf 87' lang='lat' dir='ltr'>esse</span> 
     </span>
     <span class='ocr_line' id='line_1_5' title="bbox 333 695 1799 738; baseline -0.001 -12"><span class='ocrx_word' id='word_1_41' title='bbox 333 695 525 738; x_wconf 83' lang='lat' dir='ltr'>cognitum,</span> <span class='ocrx_word' id='word_1_42' title='bbox 559 695 604 726; x_wconf 89' lang='lat' dir='ltr'>ita</span> <span class='ocrx_word' id='word_1_43' title='bbox 644 695 737 735; x_wconf 84' lang='lat' dir='ltr'>quod</span> <span class='ocrx_word' id='word_1_44' title='bbox 774 705 845 726; x_wconf 91' lang='lat' dir='ltr'>non</span> <span class='ocrx_word' id='word_1_45' title='bbox 884 701 964 726; x_wconf 87' lang='lat' dir='ltr'>sunt</span> <span class='ocrx_word' id='word_1_46' title='bbox 999 700 1078 726; x_wconf 86' lang='lat' dir='ltr'>nata</span> <span class='ocrx_word' id='word_1_47' title='bbox 1116 695 1261 726; x_wconf 81' lang='lat' dir='ltr'>existere</span> <span class='ocrx_word' id='word_1_48' title='bbox 1301 695 1435 726; x_wconf 72' lang='lat' dir='ltr'>realiter</span> <span class='ocrx_word' id='word_1_49' title='bbox 1474 700 1567 725; x_wconf 87' lang='lat' dir='ltr'>extra</span> <span class='ocrx_word' id='word_1_50' title='bbox 1607 696 1799 726; x_wconf 88' lang='lat' dir='ltr'>secundum</span> 
     </span>
     <span class='ocr_line' id='line_1_6' title="bbox 333 752 1799 794; baseline -0.001 -10"><span class='ocrx_word' id='word_1_51' title='bbox 333 754 477 785; x_wconf 77' lang='lat' dir='ltr'>formam</span> <span class='ocrx_word' id='word_1_52' title='bbox 496 758 528 784; x_wconf 91' lang='lat' dir='ltr'>et</span> <span class='ocrx_word' id='word_1_53' title='bbox 554 753 696 784; x_wconf 87' lang='lat' dir='ltr'>modum</span> <span class='ocrx_word' id='word_1_54' title='bbox 723 752 798 783; x_wconf 82' lang='lat' dir='ltr'>talis</span> <span class='ocrx_word' id='word_1_55' title='bbox 824 752 1043 794; x_wconf 76' lang='lat' dir='ltr'>cognitionis,</span> <span class='ocrx_word' id='word_1_56' title='bbox 1062 763 1132 783; x_wconf 89' lang='lat' dir='ltr'>non</span> <span class='ocrx_word' id='word_1_57' title='bbox 1161 752 1322 783; x_wconf 88' lang='lat' dir='ltr'>dicuntur</span> <span class='ocrx_word' id='word_1_58' title='bbox 1351 752 1464 793; x_wconf 82' lang='lat' dir='ltr'>aliquo</span> <span class='ocrx_word' id='word_1_59' title='bbox 1490 753 1594 783; x_wconf 90' lang='lat' dir='ltr'>modo</span> <span class='ocrx_word' id='word_1_60' title='bbox 1617 752 1799 793; x_wconf 76' lang='lat' dir='ltr'>importare</span> 
     </span>
     <span class='ocr_line' id='line_1_7' title="bbox 333 809 1800 850; baseline -0.001 -9"><span class='ocrx_word' id='word_1_61' title='bbox 333 821 432 842; x_wconf 84' lang='lat' dir='ltr'>veras</span> <span class='ocrx_word' id='word_1_62' title='bbox 461 810 631 841; x_wconf 75' lang='lat' dir='ltr'>essentias</span> <span class='ocrx_word' id='word_1_63' title='bbox 670 816 703 841; x_wconf 89' lang='lat' dir='ltr'>et</span> <span class='ocrx_word' id='word_1_64' title='bbox 740 809 950 850; x_wconf 88' lang='lat' dir='ltr'>quidditates</span> <span class='ocrx_word' id='word_1_65' title='bbox 990 809 1332 850; x_wconf 80' lang='lat' dir='ltr'>praedicamentales.</span> <span class='ocrx_word' id='word_1_66' title='bbox 1361 809 1404 840; x_wconf 86' lang='lat' dir='ltr'>Et</span> <span class='ocrx_word' id='word_1_67' title='bbox 1435 809 1514 840; x_wconf 90' lang='lat' dir='ltr'>ideo</span> <span class='ocrx_word' id='word_1_68' title='bbox 1547 820 1611 840; x_wconf 90' lang='lat' dir='ltr'>nec</span> <span class='ocrx_word' id='word_1_69' title='bbox 1644 810 1686 840; x_wconf 88' lang='lat' dir='ltr'>de</span> <span class='ocrx_word' id='word_1_70' title='bbox 1718 809 1800 850; x_wconf 83' lang='lat' dir='ltr'>ipsis</span> 
     </span>
     <span class='ocr_line' id='line_1_8' title="bbox 333 867 1799 907; baseline 0 -9"><span class='ocrx_word' id='word_1_71' title='bbox 333 874 369 898; x_wconf 88' lang='lat' dir='ltr'>ut</span> <span class='ocrx_word' id='word_1_72' title='bbox 397 868 440 899; x_wconf 90' lang='lat' dir='ltr'>de</span> <span class='ocrx_word' id='word_1_73' title='bbox 469 867 619 899; x_wconf 88' lang='lat' dir='ltr'>realibus</span> <span class='ocrx_word' id='word_1_74' title='bbox 649 867 786 898; x_wconf 78' lang='lat' dir='ltr'>entibus</span> <span class='ocrx_word' id='word_1_75' title='bbox 816 872 866 898; x_wconf 90' lang='lat' dir='ltr'>est</span> <span class='ocrx_word' id='word_1_76' title='bbox 896 867 1049 905; x_wconf 79' lang='lat' dir='ltr'>scientia,</span> <span class='ocrx_word' id='word_1_77' title='bbox 1080 867 1157 907; x_wconf 79' lang='lat' dir='ltr'>quia</span> <span class='ocrx_word' id='word_1_78' title='bbox 1187 867 1280 898; x_wconf 89' lang='lat' dir='ltr'>nullo</span> <span class='ocrx_word' id='word_1_79' title='bbox 1310 867 1413 898; x_wconf 88' lang='lat' dir='ltr'>modo</span> <span class='ocrx_word' id='word_1_80' title='bbox 1446 868 1575 898; x_wconf 87' lang='lat' dir='ltr'>habent</span> <span class='ocrx_word' id='word_1_81' title='bbox 1603 877 1680 898; x_wconf 84' lang='lat' dir='ltr'>esse</span> <span class='ocrx_word' id='word_1_82' title='bbox 1709 867 1799 898; x_wconf 83' lang='lat' dir='ltr'>reale</span> 
     </span>
    </p>
   </div>
   <div class='ocr_carea' id='block_1_3' title="bbox 333 925 427 956">
    <p class='ocr_par' dir='ltr' id='par_1_3' title="bbox 333 925 427 956">
     <span class='ocr_line' id='line_1_9' title="bbox 333 925 427 956; baseline 0 0"><span class='ocrx_word' id='word_1_83' title='bbox 333 935 399 956; x_wconf 87' lang='lat' dir='ltr'>nec</span> <span class='ocrx_word' id='word_1_84' title='bbox 421 925 427 941; x_wconf 92' lang='lat'>¹</span> 
     </span>
    </p>
   </div>
   <div class='ocr_carea' id='block_1_4' title="bbox 331 924 1804 2117">
    <p class='ocr_par' dir='ltr' id='par_1_4' title="bbox 331 924 1804 1877">
     <span class='ocr_line' id='line_1_10' title="bbox 454 924 1800 965; baseline 0 -10"><span class='ocrx_word' id='word_1_85' title='bbox 454 930 531 956; x_wconf 85' lang='lat' dir='ltr'>actu</span> <span class='ocrx_word' id='word_1_86' title='bbox 550 925 582 955; x_wconf 91' lang='lat' dir='ltr'>in</span> <span class='ocrx_word' id='word_1_87' title='bbox 602 935 639 955; x_wconf 85' lang='lat' dir='ltr'>se</span> <span class='ocrx_word' id='word_1_88' title='bbox 666 924 749 965; x_wconf 77' lang='lat' dir='ltr'>ipsis</span> <span class='ocrx_word' id='word_1_89' title='bbox 775 935 840 956; x_wconf 91' lang='lat' dir='ltr'>nec</span> <span class='ocrx_word' id='word_1_90' title='bbox 866 924 899 955; x_wconf 93' lang='lat' dir='ltr'>in</span> <span class='ocrx_word' id='word_1_91' title='bbox 924 924 1079 965; x_wconf 88' lang='lat' dir='ltr'>potentia</span> <span class='ocrx_word' id='word_1_92' title='bbox 1105 924 1137 955; x_wconf 89' lang='lat' dir='ltr'>in</span> <span class='ocrx_word' id='word_1_93' title='bbox 1164 924 1234 955; x_wconf 81' lang='lat' dir='ltr'>suis</span> <span class='ocrx_word' id='word_1_94' title='bbox 1253 924 1376 963; x_wconf 83' lang='lat' dir='ltr'>causis,</span> <span class='ocrx_word' id='word_1_95' title='bbox 1395 931 1428 955; x_wconf 87' lang='lat' dir='ltr'>et</span> <span class='ocrx_word' id='word_1_96' title='bbox 1452 924 1530 955; x_wconf 89' lang='lat' dir='ltr'>ideo</span> <span class='ocrx_word' id='word_1_97' title='bbox 1555 924 1680 955; x_wconf 88' lang='lat' dir='ltr'>talibus</span> <span class='ocrx_word' id='word_1_98' title='bbox 1697 926 1800 955; x_wconf 88' lang='lat' dir='ltr'>rebus</span> 
     </span>
     <span class='ocr_line' id='line_1_11' title="bbox 333 981 1799 1024; baseline -0.001 -11"><span class='ocrx_word' id='word_1_99' title='bbox 333 983 427 1014; x_wconf 87' lang='lat' dir='ltr'>nullo</span> <span class='ocrx_word' id='word_1_100' title='bbox 458 983 561 1013; x_wconf 88' lang='lat' dir='ltr'>modo</span> <span class='ocrx_word' id='word_1_101' title='bbox 592 981 755 1013; x_wconf 89' lang='lat' dir='ltr'>convenit</span> <span class='ocrx_word' id='word_1_102' title='bbox 784 992 861 1013; x_wconf 84' lang='lat' dir='ltr'>esse</span> <span class='ocrx_word' id='word_1_103' title='bbox 894 981 1066 1013; x_wconf 78' lang='lat' dir='ltr'>essentiae</span> <span class='ocrx_word' id='word_1_104' title='bbox 1095 982 1148 1013; x_wconf 88' lang='lat' dir='ltr'>vel</span> <span class='ocrx_word' id='word_1_105' title='bbox 1173 983 1263 1013; x_wconf 76' lang='lat' dir='ltr'>reale</span> <span class='ocrx_word' id='word_1_106' title='bbox 1289 983 1350 1013; x_wconf 85' lang='lat' dir='ltr'>sed</span> <span class='ocrx_word' id='word_1_107' title='bbox 1380 982 1490 1013; x_wconf 89' lang='lat' dir='ltr'>solum</span> <span class='ocrx_word' id='word_1_108' title='bbox 1516 992 1593 1013; x_wconf 77' lang='lat' dir='ltr'>esse</span> <span class='ocrx_word' id='word_1_109' title='bbox 1623 982 1799 1024; x_wconf 81' lang='lat' dir='ltr'>cognitum</span> 
     </span>
     <span class='ocr_line' id='line_1_12' title="bbox 331 1039 1801 1082; baseline -0.001 -11"><span class='ocrx_word' id='word_1_110' title='bbox 331 1040 385 1072; x_wconf 90' lang='lat' dir='ltr'>vel</span> <span class='ocrx_word' id='word_1_111' title='bbox 424 1039 650 1082; x_wconf 80' lang='lat' dir='ltr'>imaginatum</span> <span class='ocrx_word' id='word_1_112' title='bbox 693 1039 747 1070; x_wconf 89' lang='lat' dir='ltr'>vel</span> <span class='ocrx_word' id='word_1_113' title='bbox 786 1039 993 1070; x_wconf 81' lang='lat' dir='ltr'>huiusmodi.</span> <span class='ocrx_word' id='word_1_114' title='bbox 1038 1039 1079 1070; x_wconf 84' lang='lat' dir='ltr'>Et</span> <span class='ocrx_word' id='word_1_115' title='bbox 1119 1039 1169 1070; x_wconf 82' lang='lat' dir='ltr'>sic</span> <span class='ocrx_word' id='word_1_116' title='bbox 1209 1039 1362 1082; x_wconf 80' lang='lat' dir='ltr'>cognitio</span> <span class='ocrx_word' id='word_1_117' title='bbox 1404 1039 1598 1071; x_wconf 78' lang='lat' dir='ltr'>chimaerae</span> <span class='ocrx_word' id='word_1_118' title='bbox 1638 1050 1708 1070; x_wconf 85' lang='lat' dir='ltr'>non</span> <span class='ocrx_word' id='word_1_119' title='bbox 1749 1045 1801 1070; x_wconf 76' lang='lat' dir='ltr'>est</span> 
     </span>
     <span class='ocr_line' id='line_1_13' title="bbox 334 1096 1799 1139; baseline -0.001 -10"><span class='ocrx_word' id='word_1_120' title='bbox 334 1097 487 1139; x_wconf 82' lang='lat' dir='ltr'>cognitio</span> <span class='ocrx_word' id='word_1_121' title='bbox 520 1096 664 1128; x_wconf 81' lang='lat' dir='ltr'>alicuius</span> <span class='ocrx_word' id='word_1_122' title='bbox 694 1107 808 1128; x_wconf 89' lang='lat' dir='ltr'>veram</span> <span class='ocrx_word' id='word_1_123' title='bbox 842 1096 1028 1127; x_wconf 71' lang='lat' dir='ltr'>essentiam</span> <span class='ocrx_word' id='word_1_124' title='bbox 1062 1096 1290 1137; x_wconf 67' lang='lat' dir='ltr'>importantis,</span> <span class='ocrx_word' id='word_1_125' title='bbox 1324 1097 1403 1137; x_wconf 76' lang='lat' dir='ltr'>quia</span> <span class='ocrx_word' id='word_1_126' title='bbox 1435 1097 1628 1128; x_wconf 70' lang='lat' dir='ltr'>chimaerae</span> <span class='ocrx_word' id='word_1_127' title='bbox 1660 1096 1799 1128; x_wconf 77' lang='lat' dir='ltr'>habenti</span> 
     </span>
     <span class='ocr_line' id='line_1_14' title="bbox 333 1154 1801 1196; baseline 0 -11"><span class='ocrx_word' id='word_1_128' title='bbox 333 1155 399 1186; x_wconf 88' lang='lat' dir='ltr'>tale</span> <span class='ocrx_word' id='word_1_129' title='bbox 428 1165 505 1186; x_wconf 82' lang='lat' dir='ltr'>esse</span> <span class='ocrx_word' id='word_1_130' title='bbox 534 1154 713 1196; x_wconf 75' lang='lat' dir='ltr'>cognitum</span> <span class='ocrx_word' id='word_1_131' title='bbox 742 1164 812 1185; x_wconf 83' lang='lat' dir='ltr'>non</span> <span class='ocrx_word' id='word_1_132' title='bbox 841 1159 958 1195; x_wconf 86' lang='lat' dir='ltr'>potest</span> <span class='ocrx_word' id='word_1_133' title='bbox 986 1154 1199 1195; x_wconf 84' lang='lat' dir='ltr'>respondere</span> <span class='ocrx_word' id='word_1_134' title='bbox 1229 1165 1306 1185; x_wconf 82' lang='lat' dir='ltr'>esse</span> <span class='ocrx_word' id='word_1_135' title='bbox 1334 1155 1424 1186; x_wconf 85' lang='lat' dir='ltr'>reale</span> <span class='ocrx_word' id='word_1_136' title='bbox 1453 1159 1556 1192; x_wconf 78' lang='lat' dir='ltr'>extra,</span> <span class='ocrx_word' id='word_1_137' title='bbox 1575 1160 1607 1185; x_wconf 85' lang='lat' dir='ltr'>et</span> <span class='ocrx_word' id='word_1_138' title='bbox 1632 1154 1711 1185; x_wconf 88' lang='lat' dir='ltr'>ideo</span> <span class='ocrx_word' id='word_1_139' title='bbox 1736 1165 1801 1185; x_wconf 86' lang='lat' dir='ltr'>nec</span> 
     </span>
     <span class='ocr_line' id='line_1_15' title="bbox 332 1211 1800 1254; baseline -0.001 -11"><span class='ocrx_word' id='word_1_140' title='bbox 332 1212 529 1254; x_wconf 87' lang='lat' dir='ltr'>praedicata</span> <span class='ocrx_word' id='word_1_141' title='bbox 546 1212 648 1243; x_wconf 86' lang='lat' dir='ltr'>realia</span> <span class='ocrx_word' id='word_1_142' title='bbox 666 1211 861 1243; x_wconf 77' lang='lat' dir='ltr'>essentialia</span> <span class='ocrx_word' id='word_1_143' title='bbox 880 1212 922 1243; x_wconf 90' lang='lat' dir='ltr'>de</span> <span class='ocrx_word' id='word_1_144' title='bbox 940 1211 1065 1242; x_wconf 86' lang='lat' dir='ltr'>talibus</span> <span class='ocrx_word' id='word_1_145' title='bbox 1091 1211 1280 1252; x_wconf 88' lang='lat' dir='ltr'>praedicari</span> <span class='ocrx_word' id='word_1_146' title='bbox 1307 1217 1463 1253; x_wconf 80' lang='lat' dir='ltr'>possunt,</span> <span class='ocrx_word' id='word_1_147' title='bbox 1483 1222 1548 1243; x_wconf 85' lang='lat' dir='ltr'>nec</span> <span class='ocrx_word' id='word_1_148' title='bbox 1574 1223 1635 1253; x_wconf 85' lang='lat' dir='ltr'>per</span> <span class='ocrx_word' id='word_1_149' title='bbox 1658 1213 1800 1243; x_wconf 87' lang='lat' dir='ltr'>modum</span> 
     </span>
     <span class='ocr_line' id='line_1_16' title="bbox 333 1269 1801 1310; baseline 0 -9"><span class='ocrx_word' id='word_1_150' title='bbox 333 1276 430 1301; x_wconf 86' lang='lat' dir='ltr'>actus</span> <span class='ocrx_word' id='word_1_151' title='bbox 459 1280 525 1301; x_wconf 85' lang='lat' dir='ltr'>nec</span> <span class='ocrx_word' id='word_1_152' title='bbox 554 1280 615 1310; x_wconf 90' lang='lat' dir='ltr'>per</span> <span class='ocrx_word' id='word_1_153' title='bbox 642 1270 782 1300; x_wconf 83' lang='lat' dir='ltr'>modum</span> <span class='ocrx_word' id='word_1_154' title='bbox 812 1269 996 1310; x_wconf 87' lang='lat' dir='ltr'>potentiae.</span> <span class='ocrx_word' id='word_1_155' title='bbox 1027 1269 1113 1300; x_wconf 81' lang='lat' dir='ltr'>Aliis</span> <span class='ocrx_word' id='word_1_156' title='bbox 1143 1275 1255 1300; x_wconf 86' lang='lat' dir='ltr'>autem</span> <span class='ocrx_word' id='word_1_157' title='bbox 1282 1269 1374 1301; x_wconf 89' lang='lat' dir='ltr'>dicto</span> <span class='ocrx_word' id='word_1_158' title='bbox 1403 1270 1509 1301; x_wconf 90' lang='lat' dir='ltr'>modo</span> <span class='ocrx_word' id='word_1_159' title='bbox 1534 1270 1699 1301; x_wconf 88' lang='lat' dir='ltr'>convenit</span> <span class='ocrx_word' id='word_1_160' title='bbox 1724 1280 1801 1301; x_wconf 80' lang='lat' dir='ltr'>esse</span> 
     </span>
     <span class='ocr_line' id='line_1_17' title="bbox 333 1326 1800 1370; baseline 0.001 -12"><span class='ocrx_word' id='word_1_161' title='bbox 333 1327 505 1359; x_wconf 83' lang='lat' dir='ltr'>essentiae</span> <span class='ocrx_word' id='word_1_162' title='bbox 531 1332 563 1358; x_wconf 91' lang='lat' dir='ltr'>et</span> <span class='ocrx_word' id='word_1_163' title='bbox 588 1328 689 1365; x_wconf 84' lang='lat' dir='ltr'>reale⁷</span> <span class='ocrx_word' id='word_1_164' title='bbox 705 1326 805 1358; x_wconf 82' lang='lat' dir='ltr'>etiam</span> <span class='ocrx_word' id='word_1_165' title='bbox 824 1337 901 1358; x_wconf 88' lang='lat' dir='ltr'>cum</span> <span class='ocrx_word' id='word_1_166' title='bbox 920 1337 989 1357; x_wconf 81' lang='lat' dir='ltr'>non</span> <span class='ocrx_word' id='word_1_167' title='bbox 1009 1326 1160 1357; x_wconf 83' lang='lat' dir='ltr'>existunt</span> <span class='ocrx_word' id='word_1_168' title='bbox 1183 1327 1370 1358; x_wconf 83' lang='lat' dir='ltr'>formaliter</span> <span class='ocrx_word' id='word_1_169' title='bbox 1386 1327 1420 1358; x_wconf 93' lang='lat' dir='ltr'>in</span> <span class='ocrx_word' id='word_1_170' title='bbox 1438 1327 1572 1368; x_wconf 78' lang='lat' dir='ltr'>seipsis,</span> <span class='ocrx_word' id='word_1_171' title='bbox 1599 1333 1631 1359; x_wconf 90' lang='lat' dir='ltr'>et</span> <span class='ocrx_word' id='word_1_172' title='bbox 1649 1327 1800 1370; x_wconf 78' lang='lat' dir='ltr'>cognitio</span> 
     </span>
     <span class='ocr_line' id='line_1_18' title="bbox 332 1384 1801 1426; baseline 0.001 -11"><span class='ocrx_word' id='word_1_173' title='bbox 332 1385 449 1416; x_wconf 88' lang='lat' dir='ltr'>talium</span> <span class='ocrx_word' id='word_1_174' title='bbox 476 1384 604 1416; x_wconf 90' lang='lat' dir='ltr'>entium</span> <span class='ocrx_word' id='word_1_175' title='bbox 623 1395 693 1415; x_wconf 93' lang='lat' dir='ltr'>non</span> <span class='ocrx_word' id='word_1_176' title='bbox 712 1384 929 1416; x_wconf 81' lang='lat' dir='ltr'>existentium</span> <span class='ocrx_word' id='word_1_177' title='bbox 949 1384 1071 1415; x_wconf 90' lang='lat' dir='ltr'>dicitur</span> <span class='ocrx_word' id='word_1_178' title='bbox 1096 1395 1173 1415; x_wconf 85' lang='lat' dir='ltr'>esse</span> <span class='ocrx_word' id='word_1_179' title='bbox 1193 1384 1336 1415; x_wconf 87' lang='lat' dir='ltr'>alicuius</span> <span class='ocrx_word' id='word_1_180' title='bbox 1354 1396 1455 1416; x_wconf 86' lang='lat' dir='ltr'>verae</span> <span class='ocrx_word' id='word_1_181' title='bbox 1474 1385 1654 1423; x_wconf 75' lang='lat' dir='ltr'>essentiae,</span> <span class='ocrx_word' id='word_1_182' title='bbox 1686 1387 1689 1426; x_wconf 77' lang='grc' dir='ltr'>Ι</span> <span class='ocrx_word' id='word_1_183' title='bbox 1723 1386 1801 1426; x_wconf 87' lang='lat' dir='ltr'>quia</span> 
     </span>
     <span class='ocr_line' id='line_1_19' title="bbox 334 1442 1801 1484; baseline 0.001 -11"><span class='ocrx_word' id='word_1_184' title='bbox 334 1442 390 1473; x_wconf 87' lang='lat' dir='ltr'>tali</span> <span class='ocrx_word' id='word_1_185' title='bbox 420 1442 610 1484; x_wconf 84' lang='lat' dir='ltr'>cognitioni</span> <span class='ocrx_word' id='word_1_186' title='bbox 636 1442 688 1473; x_wconf 88' lang='lat' dir='ltr'>vel</span> <span class='ocrx_word' id='word_1_187' title='bbox 715 1442 855 1473; x_wconf 80' lang='lat' dir='ltr'>habenti</span> <span class='ocrx_word' id='word_1_188' title='bbox 881 1442 930 1473; x_wconf 83' lang='lat' dir='ltr'>sic</span> <span class='ocrx_word' id='word_1_189' title='bbox 951 1452 1028 1473; x_wconf 80' lang='lat' dir='ltr'>esse</span> <span class='ocrx_word' id='word_1_190' title='bbox 1055 1442 1231 1483; x_wconf 68' lang='lat' dir='ltr'>cognitum</span> <span class='ocrx_word' id='word_1_191' title='bbox 1261 1448 1378 1473; x_wconf 81' lang='lat' dir='ltr'>natum</span> <span class='ocrx_word' id='word_1_192' title='bbox 1408 1448 1459 1473; x_wconf 87' lang='lat' dir='ltr'>est</span> <span class='ocrx_word' id='word_1_193' title='bbox 1487 1443 1699 1483; x_wconf 84' lang='lat' dir='ltr'>respondere</span> <span class='ocrx_word' id='word_1_194' title='bbox 1725 1454 1801 1475; x_wconf 77' lang='lat' dir='ltr'>esse</span> 
     </span>
     <span class='ocr_line' id='line_1_20' title="bbox 334 1499 1801 1541; baseline 0.001 -11"><span class='ocrx_word' id='word_1_195' title='bbox 334 1500 424 1531; x_wconf 86' lang='lat' dir='ltr'>reale</span> <span class='ocrx_word' id='word_1_196' title='bbox 456 1506 560 1535; x_wconf 73' lang='lat' dir='ltr'>extra,</span> <span class='ocrx_word' id='word_1_197' title='bbox 583 1505 615 1530; x_wconf 91' lang='lat' dir='ltr'>et</span> <span class='ocrx_word' id='word_1_198' title='bbox 648 1499 714 1530; x_wconf 86' lang='lat' dir='ltr'>iam</span> <span class='ocrx_word' id='word_1_199' title='bbox 744 1500 933 1540; x_wconf 82' lang='lat' dir='ltr'>respondet</span> <span class='ocrx_word' id='word_1_200' title='bbox 962 1510 1038 1531; x_wconf 79' lang='lat' dir='ltr'>esse</span> <span class='ocrx_word' id='word_1_201' title='bbox 1068 1500 1158 1531; x_wconf 83' lang='lat' dir='ltr'>reale</span> <span class='ocrx_word' id='word_1_202' title='bbox 1188 1499 1218 1530; x_wconf 92' lang='lat' dir='ltr'>in</span> <span class='ocrx_word' id='word_1_203' title='bbox 1250 1500 1404 1541; x_wconf 82' lang='lat' dir='ltr'>potentia</span> <span class='ocrx_word' id='word_1_204' title='bbox 1435 1501 1486 1531; x_wconf 75' lang='lat' dir='ltr'>vel</span> <span class='ocrx_word' id='word_1_205' title='bbox 1514 1500 1637 1532; x_wconf 87' lang='lat' dir='ltr'>virtute</span> <span class='ocrx_word' id='word_1_206' title='bbox 1662 1512 1801 1532; x_wconf 88' lang='lat' dir='ltr'>suorum</span> 
     </span>
     <span class='ocr_line' id='line_1_21' title="bbox 333 1557 1802 1599; baseline 0.001 -11"><span class='ocrx_word' id='word_1_207' title='bbox 333 1557 590 1599; x_wconf 82' lang='lat' dir='ltr'>principiorum,</span> <span class='ocrx_word' id='word_1_208' title='bbox 609 1562 641 1588; x_wconf 87' lang='lat' dir='ltr'>et</span> <span class='ocrx_word' id='word_1_209' title='bbox 675 1557 866 1588; x_wconf 87' lang='lat' dir='ltr'>secundum</span> <span class='ocrx_word' id='word_1_210' title='bbox 896 1557 1037 1587; x_wconf 86' lang='lat' dir='ltr'>modum</span> <span class='ocrx_word' id='word_1_211' title='bbox 1066 1557 1259 1588; x_wconf 85' lang='lat' dir='ltr'>secundum</span> <span class='ocrx_word' id='word_1_212' title='bbox 1288 1568 1389 1598; x_wconf 82' lang='lat' dir='ltr'>quem</span> <span class='ocrx_word' id='word_1_213' title='bbox 1423 1557 1471 1588; x_wconf 90' lang='lat' dir='ltr'>eis</span> <span class='ocrx_word' id='word_1_214' title='bbox 1504 1558 1693 1589; x_wconf 83' lang='lat' dir='ltr'>convenit2</span> <span class='ocrx_word' id='word_1_215' title='bbox 1726 1569 1802 1590; x_wconf 88' lang='lat' dir='ltr'>esse</span> 
     </span>
     <span class='ocr_line' id='line_1_22' title="bbox 333 1614 1802 1655; baseline 0.001 -10"><span class='ocrx_word' id='word_1_216' title='bbox 333 1614 504 1646; x_wconf 80' lang='lat' dir='ltr'>essentiae</span> <span class='ocrx_word' id='word_1_217' title='bbox 545 1620 578 1645; x_wconf 87' lang='lat' dir='ltr'>et</span> <span class='ocrx_word' id='word_1_218' title='bbox 613 1615 704 1645; x_wconf 88' lang='lat' dir='ltr'>reale</span> <span class='ocrx_word' id='word_1_219' title='bbox 740 1614 983 1655; x_wconf 82' lang='lat' dir='ltr'>praedicantur</span> <span class='ocrx_word' id='word_1_220' title='bbox 1019 1615 1061 1645; x_wconf 88' lang='lat' dir='ltr'>de</span> <span class='ocrx_word' id='word_1_221' title='bbox 1095 1614 1178 1655; x_wconf 81' lang='lat' dir='ltr'>ipsis</span> <span class='ocrx_word' id='word_1_222' title='bbox 1220 1614 1417 1655; x_wconf 85' lang='lat' dir='ltr'>praedicata</span> <span class='ocrx_word' id='word_1_223' title='bbox 1455 1615 1659 1646; x_wconf 84' lang='lat' dir='ltr'>essentialia.</span> <span class='ocrx_word' id='word_1_224' title='bbox 1700 1616 1802 1648; x_wconf 87' lang='lat' dir='ltr'>Unde</span> 
     </span>
     <span class='ocr_line' id='line_1_23' title="bbox 333 1672 1804 1714; baseline 0.001 -11"><span class='ocrx_word' id='word_1_225' title='bbox 333 1672 413 1714; x_wconf 87' lang='lat' dir='ltr'>quia</span> <span class='ocrx_word' id='word_1_226' title='bbox 431 1682 509 1703; x_wconf 86' lang='lat' dir='ltr'>rosa</span> <span class='ocrx_word' id='word_1_227' title='bbox 534 1683 604 1703; x_wconf 81' lang='lat' dir='ltr'>non</span> <span class='ocrx_word' id='word_1_228' title='bbox 634 1672 802 1703; x_wconf 87' lang='lat' dir='ltr'>existente</span> <span class='ocrx_word' id='word_1_229' title='bbox 827 1672 903 1713; x_wconf 83' lang='lat' dir='ltr'>ipsa</span> <span class='ocrx_word' id='word_1_230' title='bbox 927 1682 997 1703; x_wconf 89' lang='lat' dir='ltr'>non</span> <span class='ocrx_word' id='word_1_231' title='bbox 1027 1672 1131 1703; x_wconf 86' lang='lat' dir='ltr'>habet</span> <span class='ocrx_word' id='word_1_232' title='bbox 1156 1683 1233 1703; x_wconf 84' lang='lat' dir='ltr'>esse</span> <span class='ocrx_word' id='word_1_233' title='bbox 1258 1672 1430 1703; x_wconf 87' lang='lat' dir='ltr'>essentiae</span> <span class='ocrx_word' id='word_1_234' title='bbox 1462 1683 1560 1704; x_wconf 90' lang='lat' dir='ltr'>rosae</span> <span class='ocrx_word' id='word_1_235' title='bbox 1593 1673 1627 1704; x_wconf 92' lang='lat' dir='ltr'>in</span> <span class='ocrx_word' id='word_1_236' title='bbox 1660 1678 1737 1704; x_wconf 87' lang='lat' dir='ltr'>actu</span> <span class='ocrx_word' id='word_1_237' title='bbox 1771 1678 1804 1704; x_wconf 91' lang='lat' dir='ltr'>et</span> 
     </span>
     <span class='ocr_line' id='line_1_24' title="bbox 334 1729 1804 1771; baseline 0 -10"><span class='ocrx_word' id='word_1_238' title='bbox 334 1729 542 1771; x_wconf 79' lang='lat' dir='ltr'>simpliciter⁷</span> <span class='ocrx_word' id='word_1_239' title='bbox 572 1730 633 1760; x_wconf 91' lang='lat' dir='ltr'>sed</span> <span class='ocrx_word' id='word_1_240' title='bbox 664 1729 696 1760; x_wconf 92' lang='lat' dir='ltr'>in</span> <span class='ocrx_word' id='word_1_241' title='bbox 730 1729 883 1770; x_wconf 82' lang='lat' dir='ltr'>potentia</span> <span class='ocrx_word' id='word_1_242' title='bbox 912 1735 945 1760; x_wconf 87' lang='lat' dir='ltr'>et</span> <span class='ocrx_word' id='word_1_243' title='bbox 983 1729 1114 1767; x_wconf 88' lang='lat' dir='ltr'>virtute⁷</span> <span class='ocrx_word' id='word_1_244' title='bbox 1141 1730 1233 1761; x_wconf 86' lang='lat' dir='ltr'>unde</span> <span class='ocrx_word' id='word_1_245' title='bbox 1265 1740 1343 1761; x_wconf 79' lang='lat' dir='ltr'>rosa</span> <span class='ocrx_word' id='word_1_246' title='bbox 1372 1741 1443 1761; x_wconf 88' lang='lat' dir='ltr'>non</span> <span class='ocrx_word' id='word_1_247' title='bbox 1473 1730 1623 1761; x_wconf 77' lang='lat' dir='ltr'>existens</span> <span class='ocrx_word' id='word_1_248' title='bbox 1652 1741 1722 1761; x_wconf 86' lang='grc'><strong>11011</strong></span> <span class='ocrx_word' id='word_1_249' title='bbox 1752 1736 1804 1761; x_wconf 82' lang='lat' dir='ltr'>est</span> 
     </span>
     <span class='ocr_line' id='line_1_25' title="bbox 334 1786 1803 1829; baseline 0.001 -11"><span class='ocrx_word' id='word_1_250' title='bbox 334 1798 412 1819; x_wconf 82' lang='lat' dir='ltr'>rosa</span> <span class='ocrx_word' id='word_1_251' title='bbox 433 1787 499 1818; x_wconf 81' lang='lat' dir='ltr'>nisi</span> <span class='ocrx_word' id='word_1_252' title='bbox 516 1787 549 1818; x_wconf 90' lang='lat' dir='ltr'>in</span> <span class='ocrx_word' id='word_1_253' title='bbox 569 1787 743 1828; x_wconf 78' lang='lat' dir='ltr'>potentia3</span> <span class='ocrx_word' id='word_1_254' title='bbox 771 1792 802 1818; x_wconf 90' lang='lat' dir='ltr'>et</span> <span class='ocrx_word' id='word_1_255' title='bbox 827 1787 906 1818; x_wconf 86' lang='lat' dir='ltr'>ideo</span> <span class='ocrx_word' id='word_1_256' title='bbox 925 1786 1025 1818; x_wconf 82' lang='lat' dir='ltr'>etiam</span> <span class='ocrx_word' id='word_1_257' title='bbox 1051 1798 1117 1818; x_wconf 84' lang='lat' dir='ltr'>nec</span> <span class='ocrx_word' id='word_1_258' title='bbox 1142 1793 1193 1818; x_wconf 85' lang='lat' dir='ltr'>est</span> <span class='ocrx_word' id='word_1_259' title='bbox 1210 1788 1275 1818; x_wconf 77' lang='lat' dir='ltr'>flos</span> <span class='ocrx_word' id='word_1_260' title='bbox 1301 1787 1498 1829; x_wconf 86' lang='lat' dir='ltr'>simpliciter</span> <span class='ocrx_word' id='word_1_261' title='bbox 1518 1789 1579 1819; x_wconf 73' lang='lat' dir='ltr'>sed</span> <span class='ocrx_word' id='word_1_262' title='bbox 1597 1788 1631 1819; x_wconf 89' lang='lat' dir='ltr'>in</span> <span class='ocrx_word' id='word_1_263' title='bbox 1650 1788 1803 1829; x_wconf 83' lang='lat' dir='ltr'>potentia</span> 
     </span>
     <span class='ocr_line' id='line_1_26' title="bbox 334 1844 617 1877; baseline -0.007 0"><span class='ocrx_word' id='word_1_264' title='bbox 334 1850 366 1877; x_wconf 91' lang='lat' dir='ltr'>et</span> <span class='ocrx_word' id='word_1_265' title='bbox 391 1845 440 1876; x_wconf 85' lang='lat' dir='ltr'>sic</span> <span class='ocrx_word' id='word_1_266' title='bbox 466 1845 508 1876; x_wconf 88' lang='lat' dir='ltr'>de</span> <span class='ocrx_word' id='word_1_267' title='bbox 534 1844 617 1875; x_wconf 89' lang='lat' dir='ltr'>aliis.</span> 
     </span>
    </p>

    <p class='ocr_par' dir='ltr' id='par_1_5' title="bbox 333 1901 1804 2117">
     <span class='ocr_line' id='line_1_27' title="bbox 422 1901 1802 1945; baseline 0.002 -13"><span class='ocrx_word' id='word_1_268' title='bbox 422 1902 482 1933; x_wconf 77' lang='lat' dir='ltr'>Est</span> <span class='ocrx_word' id='word_1_269' title='bbox 511 1907 625 1933; x_wconf 90' lang='lat' dir='ltr'>tamen</span> <span class='ocrx_word' id='word_1_270' title='bbox 656 1901 917 1944; x_wconf 77' lang='lat' dir='ltr'>intelligendum</span> <span class='ocrx_word' id='word_1_271' title='bbox 948 1903 1041 1942; x_wconf 84' lang='lat' dir='ltr'>quod</span> <span class='ocrx_word' id='word_1_272' title='bbox 1066 1902 1290 1933; x_wconf 83' lang='lat' dir='ltr'>terminorum</span> <span class='ocrx_word' id='word_1_273' title='bbox 1320 1902 1588 1945; x_wconf 80' lang='lat' dir='ltr'>significantium</span> <span class='ocrx_word' id='word_1_274' title='bbox 1618 1914 1671 1935; x_wconf 84' lang='lat' dir='ltr'>res</span> <span class='ocrx_word' id='word_1_275' title='bbox 1705 1914 1802 1935; x_wconf 77' lang='lat' dir='ltr'>veras</span> 
     </span>
     <span class='ocr_line' id='line_1_28' title="bbox 333 1959 1803 2002; baseline 0.001 -11"><span class='ocrx_word' id='word_1_276' title='bbox 333 1960 502 1991; x_wconf 85' lang='lat' dir='ltr'>essentias</span> <span class='ocrx_word' id='word_1_277' title='bbox 539 1959 775 2001; x_wconf 62' lang='lat' dir='ltr'>imponantes,</span> <span class='ocrx_word' id='word_1_278' title='bbox 802 1959 941 2000; x_wconf 84' lang='lat' dir='ltr'>quidam</span> <span class='ocrx_word' id='word_1_279' title='bbox 982 1959 1181 2002; x_wconf 76' lang='lat' dir='ltr'>significant</span> <span class='ocrx_word' id='word_1_280' title='bbox 1220 1971 1275 1991; x_wconf 85' lang='lat' dir='ltr'>res</span> <span class='ocrx_word' id='word_1_281' title='bbox 1316 1961 1445 1991; x_wconf 87' lang='lat' dir='ltr'>nullum</span> <span class='ocrx_word' id='word_1_282' title='bbox 1479 1966 1615 2002; x_wconf 87' lang='lat' dir='ltr'>tempus</span> <span class='ocrx_word' id='word_1_283' title='bbox 1649 1961 1691 1992; x_wconf 85' lang='lat' dir='ltr'>ad</span> <span class='ocrx_word' id='word_1_284' title='bbox 1726 1972 1803 1993; x_wconf 84' lang='lat' dir='ltr'>esse</span> 
     </span>
     <span class='ocr_line' id='line_1_29' title="bbox 334 2016 1803 2061; baseline 0.001 -13"><span class='ocrx_word' id='word_1_285' title='bbox 334 2029 433 2049; x_wconf 86' lang='lat' dir='ltr'>suum</span> <span class='ocrx_word' id='word_1_286' title='bbox 459 2018 592 2049; x_wconf 83' lang='lat' dir='ltr'>actuale</span> <span class='ocrx_word' id='word_1_287' title='bbox 617 2016 898 2055; x_wconf 71' lang='lat' dir='ltr'>determinantes,</span> <span class='ocrx_word' id='word_1_288' title='bbox 917 2023 953 2048; x_wconf 88' lang='lat' dir='ltr'>ut</span> <span class='ocrx_word' id='word_1_289' title='bbox 978 2022 1071 2058; x_wconf 88' lang='lat' dir='ltr'>patet</span> <span class='ocrx_word' id='word_1_290' title='bbox 1097 2018 1139 2049; x_wconf 89' lang='lat' dir='ltr'>de</span> <span class='ocrx_word' id='word_1_291' title='bbox 1166 2017 1279 2048; x_wconf 91' lang='lat' dir='ltr'>multis</span> <span class='ocrx_word' id='word_1_292' title='bbox 1302 2018 1500 2049; x_wconf 81' lang='lat' dir='ltr'>nominibus</span> <span class='ocrx_word' id='word_1_293' title='bbox 1527 2018 1803 2061; x_wconf 70' lang='lat' dir='ltr'>significantibus</span> 
     </span>
     <span class='ocr_line' id='line_1_30' title="bbox 333 2074 1804 2117; baseline 0.002 -12"><span class='ocrx_word' id='word_1_294' title='bbox 333 2076 456 2106; x_wconf 86' lang='lat' dir='ltr'>multas</span> <span class='ocrx_word' id='word_1_295' title='bbox 475 2074 610 2116; x_wconf 89' lang='lat' dir='ltr'>species</span> <span class='ocrx_word' id='word_1_296' title='bbox 629 2074 776 2113; x_wconf 81' lang='lat' dir='ltr'>entium3</span> <span class='ocrx_word' id='word_1_297' title='bbox 796 2094 835 2096; x_wconf 97' lang='lat'><strong>—</strong></span> <span class='ocrx_word' id='word_1_298' title='bbox 854 2074 994 2115; x_wconf 82' lang='lat' dir='ltr'>quidam</span> <span class='ocrx_word' id='word_1_299' title='bbox 1010 2080 1124 2106; x_wconf 82' lang='lat' dir='ltr'>autem</span> <span class='ocrx_word' id='word_1_300' title='bbox 1142 2075 1338 2117; x_wconf 80' lang='lat' dir='ltr'>significant</span> <span class='ocrx_word' id='word_1_301' title='bbox 1360 2086 1415 2107; x_wconf 86' lang='lat' dir='ltr'>res</span> <span class='ocrx_word' id='word_1_302' title='bbox 1441 2081 1577 2117; x_wconf 81' lang='lat' dir='ltr'>tempus</span> <span class='ocrx_word' id='word_1_303' title='bbox 1606 2076 1670 2108; x_wconf 91' lang='lat' dir='ltr'>sibi</span> <span class='ocrx_word' id='word_1_304' title='bbox 1696 2077 1804 2108; x_wconf 90' lang='lat' dir='ltr'>deter-</span> 
     </span>
    </p>
   </div>
   <div class='ocr_carea' id='block_1_5' title="bbox 334 2132 782 2173">
    <p class='ocr_par' dir='ltr' id='par_1_6' title="bbox 334 2132 782 2173">
     <span class='ocr_line' id='line_1_31' title="bbox 334 2132 782 2173; baseline 0 -10"><span class='ocrx_word' id='word_1_305' title='bbox 334 2132 505 2164; x_wconf 87' lang='lat' dir='ltr'>minantes</span> <span class='ocrx_word' id='word_1_306' title='bbox 523 2142 612 2173; x_wconf 87' lang='lat' dir='ltr'>quae</span> <span class='ocrx_word' id='word_1_307' title='bbox 637 2138 751 2164; x_wconf 83' lang='lat' dir='ltr'>tamen</span> <span class='ocrx_word' id='word_1_308' title='bbox 772 2132 782 2147; x_wconf 67' lang='lat'>³</span> 
     </span>
    </p>
   </div>
   <div class='ocr_carea' id='block_1_6' title="bbox 333 2132 1805 2518">
    <p class='ocr_par' dir='ltr' id='par_1_7' title="bbox 333 2132 1805 2518">
     <span class='ocr_line' id='line_1_32' title="bbox 799 2132 1804 2172; baseline 0.003 -10"><span class='ocrx_word' id='word_1_309' title='bbox 799 2138 879 2163; x_wconf 80' lang='lat' dir='ltr'>sunt</span> <span class='ocrx_word' id='word_1_310' title='bbox 904 2132 1114 2164; x_wconf 79' lang='lat' dir='ltr'>reiterabiles</span> <span class='ocrx_word' id='word_1_311' title='bbox 1140 2133 1332 2164; x_wconf 85' lang='lat' dir='ltr'>secundum</span> <span class='ocrx_word' id='word_1_312' title='bbox 1351 2144 1413 2164; x_wconf 82' lang='lat' dir='ltr'>sua</span> <span class='ocrx_word' id='word_1_313' title='bbox 1438 2133 1615 2164; x_wconf 78' lang='lat' dir='ltr'>individua</span> <span class='ocrx_word' id='word_1_314' title='bbox 1632 2134 1804 2172; x_wconf 81' lang='lat' dir='ltr'>infinities,</span> 
     </span>
     <span class='ocr_line' id='line_1_33' title="bbox 334 2189 1804 2232; baseline 0.002 -12"><span class='ocrx_word' id='word_1_315' title='bbox 334 2195 437 2232; x_wconf 89' lang='lat' dir='ltr'>prout</span> <span class='ocrx_word' id='word_1_316' title='bbox 454 2189 554 2221; x_wconf 89' lang='lat' dir='ltr'>etiam</span> <span class='ocrx_word' id='word_1_317' title='bbox 573 2190 766 2221; x_wconf 87' lang='lat' dir='ltr'>secundum</span> <span class='ocrx_word' id='word_1_318' title='bbox 783 2200 920 2221; x_wconf 85' lang='lat' dir='ltr'>cursum</span> <span class='ocrx_word' id='word_1_319' title='bbox 938 2200 1159 2221; x_wconf 84' lang='lat' dir='ltr'>communem</span> <span class='ocrx_word' id='word_1_320' title='bbox 1184 2190 1418 2222; x_wconf 85' lang='lat' dir='ltr'>revolutiones</span> <span class='ocrx_word' id='word_1_321' title='bbox 1444 2191 1529 2222; x_wconf 87' lang='lat' dir='ltr'>caeli</span> <span class='ocrx_word' id='word_1_322' title='bbox 1547 2197 1626 2222; x_wconf 87' lang='lat' dir='ltr'>sunt</span> <span class='ocrx_word' id='word_1_323' title='bbox 1643 2192 1804 2223; x_wconf 83' lang='lat' dir='ltr'>infinities</span> 
     </span>
     <span class='ocr_line' id='line_1_34' title="bbox 333 2247 1803 2290; baseline 0.001 -11"><span class='ocrx_word' id='word_1_324' title='bbox 333 2247 544 2279; x_wconf 87' lang='lat' dir='ltr'>reiterabiles</span> <span class='ocrx_word' id='word_1_325' title='bbox 573 2252 606 2278; x_wconf 90' lang='lat' dir='ltr'>et</span> <span class='ocrx_word' id='word_1_326' title='bbox 634 2253 735 2288; x_wconf 88' lang='lat' dir='ltr'>prout</span> <span class='ocrx_word' id='word_1_327' title='bbox 763 2247 887 2278; x_wconf 90' lang='lat' dir='ltr'>dicitur</span> <span class='ocrx_word' id='word_1_328' title='bbox 904 2247 947 2279; x_wconf 91' lang='lat' dir='ltr'>de</span> <span class='ocrx_word' id='word_1_329' title='bbox 973 2247 1156 2288; x_wconf 80' lang='lat' dir='ltr'>phoenice,</span> <span class='ocrx_word' id='word_1_330' title='bbox 1176 2248 1291 2289; x_wconf 90' lang='lat' dir='ltr'>pluvia</span> <span class='ocrx_word' id='word_1_331' title='bbox 1309 2254 1341 2279; x_wconf 89' lang='lat' dir='ltr'>et</span> <span class='ocrx_word' id='word_1_332' title='bbox 1368 2248 1566 2280; x_wconf 88' lang='lat' dir='ltr'>huiusmodi</span> <span class='ocrx_word' id='word_1_333' title='bbox 1582 2259 1588 2287; x_wconf 82' lang='lat'>;</span> <span class='ocrx_word' id='word_1_334' title='bbox 1607 2269 1646 2271; x_wconf 97' lang='lat'><strong>—</strong></span> <span class='ocrx_word' id='word_1_335' title='bbox 1666 2249 1803 2290; x_wconf 86' lang='lat' dir='ltr'>quidam</span> 
     </span>
     <span class='ocr_line' id='line_1_35' title="bbox 336 2304 1804 2348; baseline 0.002 -13"><span class='ocrx_word' id='word_1_336' title='bbox 336 2304 533 2348; x_wconf 82' lang='lat' dir='ltr'>significant</span> <span class='ocrx_word' id='word_1_337' title='bbox 567 2315 620 2336; x_wconf 85' lang='lat' dir='ltr'>res</span> <span class='ocrx_word' id='word_1_338' title='bbox 656 2309 792 2346; x_wconf 82' lang='lat' dir='ltr'>tempus</span> <span class='ocrx_word' id='word_1_339' title='bbox 823 2304 887 2335; x_wconf 86' lang='lat' dir='ltr'>sibi</span> <span class='ocrx_word' id='word_1_340' title='bbox 926 2305 1195 2337; x_wconf 88' lang='lat' dir='ltr'>determinantes</span> <span class='ocrx_word' id='word_1_341' title='bbox 1215 2304 1226 2321; x_wconf 81' lang='lat'><strong>³</strong></span> <span class='ocrx_word' id='word_1_342' title='bbox 1262 2316 1334 2337; x_wconf 90' lang='lat' dir='ltr'>non</span> <span class='ocrx_word' id='word_1_343' title='bbox 1367 2305 1578 2337; x_wconf 88' lang='lat' dir='ltr'>reiterabiles</span> <span class='ocrx_word' id='word_1_344' title='bbox 1612 2307 1804 2338; x_wconf 86' lang='lat' dir='ltr'>secundum</span> 
     </span>
     <span class='ocr_line' id='line_1_36' title="bbox 336 2362 1804 2405; baseline 0.001 -12"><span class='ocrx_word' id='word_1_345' title='bbox 336 2362 475 2403; x_wconf 89' lang='lat' dir='ltr'>aliquod</span> <span class='ocrx_word' id='word_1_346' title='bbox 508 2362 599 2393; x_wconf 88' lang='lat' dir='ltr'>aliud</span> <span class='ocrx_word' id='word_1_347' title='bbox 632 2367 779 2403; x_wconf 69' lang='lat' dir='ltr'>tempus,</span> <span class='ocrx_word' id='word_1_348' title='bbox 813 2367 849 2393; x_wconf 89' lang='lat' dir='ltr'>ut</span> <span class='ocrx_word' id='word_1_349' title='bbox 884 2367 978 2403; x_wconf 84' lang='lat' dir='ltr'>patet</span> <span class='ocrx_word' id='word_1_350' title='bbox 1019 2363 1062 2394; x_wconf 88' lang='lat' dir='ltr'>de</span> <span class='ocrx_word' id='word_1_351' title='bbox 1098 2362 1259 2393; x_wconf 89' lang='lat' dir='ltr'>omnibus</span> <span class='ocrx_word' id='word_1_352' title='bbox 1300 2363 1485 2394; x_wconf 87' lang='lat' dir='ltr'>individuis</span> <span class='ocrx_word' id='word_1_353' title='bbox 1526 2364 1804 2405; x_wconf 86' lang='lat' dir='ltr'>corruptibilibus</span> 
     </span>
     <span class='ocr_line' id='line_1_37' title="bbox 336 2420 1805 2453; baseline 0.002 -3"><span class='ocrx_word' id='word_1_354' title='bbox 336 2420 529 2451; x_wconf 88' lang='lat' dir='ltr'>secundum</span> <span class='ocrx_word' id='word_1_355' title='bbox 547 2430 685 2451; x_wconf 87' lang='lat' dir='ltr'>cursum</span> <span class='ocrx_word' id='word_1_356' title='bbox 705 2430 923 2451; x_wconf 89' lang='lat' dir='ltr'>communem</span> <span class='ocrx_word' id='word_1_357' title='bbox 941 2420 995 2450; x_wconf 90' lang='lat' dir='ltr'>vel</span> <span class='ocrx_word' id='word_1_358' title='bbox 1013 2426 1179 2451; x_wconf 85' lang='lat' dir='ltr'>naturam.</span> <span class='ocrx_word' id='word_1_359' title='bbox 1199 2420 1241 2451; x_wconf 91' lang='lat' dir='ltr'>Et</span> <span class='ocrx_word' id='word_1_360' title='bbox 1259 2421 1452 2452; x_wconf 89' lang='lat' dir='ltr'>secundum</span> <span class='ocrx_word' id='word_1_361' title='bbox 1478 2422 1547 2452; x_wconf 91' lang='lat' dir='ltr'>hoc</span> <span class='ocrx_word' id='word_1_362' title='bbox 1574 2421 1805 2453; x_wconf 88' lang='lat' dir='ltr'>diversimode</span> 
     </span>
     <span class='ocr_line' id='line_1_38' title="bbox 337 2476 1805 2518; baseline 0.001 -10"><span class='ocrx_word' id='word_1_363' title='bbox 337 2477 558 2509; x_wconf 86' lang='lat' dir='ltr'>verificabilia</span> <span class='ocrx_word' id='word_1_364' title='bbox 590 2482 670 2508; x_wconf 88' lang='lat' dir='ltr'>sunt</span> <span class='ocrx_word' id='word_1_365' title='bbox 702 2476 901 2518; x_wconf 86' lang='lat' dir='ltr'>praedicata</span> <span class='ocrx_word' id='word_1_366' title='bbox 933 2477 976 2508; x_wconf 87' lang='lat' dir='ltr'>de</span> <span class='ocrx_word' id='word_1_367' title='bbox 1017 2476 1081 2508; x_wconf 83' lang='lat' dir='ltr'>illis</span> <span class='ocrx_word' id='word_1_368' title='bbox 1115 2483 1147 2508; x_wconf 90' lang='lat' dir='ltr'>et</span> <span class='ocrx_word' id='word_1_369' title='bbox 1183 2477 1258 2518; x_wconf 88' lang='lat' dir='ltr'>ipsa</span> <span class='ocrx_word' id='word_1_370' title='bbox 1295 2477 1396 2509; x_wconf 90' lang='lat' dir='ltr'>etiam</span> <span class='ocrx_word' id='word_1_371' title='bbox 1434 2477 1665 2510; x_wconf 88' lang='lat' dir='ltr'>diversimode</span> <span class='ocrx_word' id='word_1_372' title='bbox 1696 2479 1805 2510; x_wconf 84' lang='lat' dir='ltr'>verifi-</span> 
     </span>
    </p>
   </div>
   <div class='ocr_carea' id='block_1_7' title="bbox 337 2534 1805 2575">
    <p class='ocr_par' dir='ltr' id='par_1_8' title="bbox 337 2534 1805 2575">
     <span class='ocr_line' id='line_1_39' title="bbox 337 2534 1805 2575; baseline 0.001 -10"><span class='ocrx_word' id='word_1_373' title='bbox 337 2539 458 2566; x_wconf 89' lang='lat' dir='ltr'>cantur</span> <span class='ocrx_word' id='word_1_374' title='bbox 487 2535 530 2566; x_wconf 88' lang='lat' dir='ltr'>de</span> <span class='ocrx_word' id='word_1_375' title='bbox 558 2534 622 2565; x_wconf 88' lang='lat' dir='ltr'>illis</span> <span class='ocrx_word' id='word_1_376' title='bbox 649 2534 774 2575; x_wconf 88' lang='lat' dir='ltr'>quibus</span> <span class='ocrx_word' id='word_1_377' title='bbox 803 2539 882 2565; x_wconf 86' lang='lat' dir='ltr'>nata</span> <span class='ocrx_word' id='word_1_378' title='bbox 911 2539 991 2565; x_wconf 88' lang='lat' dir='ltr'>sunt</span> <span class='ocrx_word' id='word_1_379' title='bbox 1027 2534 1172 2565; x_wconf 83' lang='lat' dir='ltr'>attribui.</span> <span class='ocrx_word' id='word_1_380' title='bbox 1203 2535 1291 2566; x_wconf 86' lang='lat' dir='ltr'>Nam</span> <span class='ocrx_word' id='word_1_381' title='bbox 1327 2535 1431 2566; x_wconf 71' lang='lat' dir='ltr'>cuin⁴</span> <span class='ocrx_word' id='word_1_382' title='bbox 1460 2535 1584 2567; x_wconf 88' lang='lat' dir='ltr'>animal</span> <span class='ocrx_word' id='word_1_383' title='bbox 1614 2535 1656 2567; x_wconf 88' lang='lat' dir='ltr'>sit</span> <span class='ocrx_word' id='word_1_384' title='bbox 1684 2542 1805 2567; x_wconf 87' lang='lat' dir='ltr'>natura</span> 
     </span>
    </p>
   </div>
   <div class='ocr_carea' id='block_1_8' title="bbox 337 2675 1805 2747">
    <p class='ocr_par' dir='ltr' id='par_1_9' title="bbox 337 2675 1805 2747">
     <span class='ocr_line' id='line_1_40' title="bbox 426 2675 1805 2711; baseline 0.001 -10"><span class='ocrx_word' id='word_1_385' title='bbox 426 2676 435 2691; x_wconf 83' lang='lat'>¹</span> <span class='ocrx_word' id='word_1_386' title='bbox 448 2675 476 2701; x_wconf 92' lang='lat' dir='ltr'>in</span> <span class='ocrx_word' id='word_1_387' title='bbox 488 2676 555 2702; x_wconf 81' lang='lat' dir='ltr'>add.</span> <span class='ocrx_word' id='word_1_388' title='bbox 568 2676 597 2702; x_wconf 83' lang='lat' dir='ltr'>P.</span> <span class='ocrx_word' id='word_1_389' title='bbox 612 2692 644 2694; x_wconf 97' lang='lat'><strong>—</strong></span> <span class='ocrx_word' id='word_1_390' title='bbox 659 2676 669 2690; x_wconf 83' lang='lat'>‘-&#39;</span> <span class='ocrx_word' id='word_1_391' title='bbox 682 2675 724 2701; x_wconf 86' lang='lat' dir='ltr'>eis</span> <span class='ocrx_word' id='word_1_392' title='bbox 739 2675 885 2709; x_wconf 86' lang='lat' dir='ltr'>convenit]</span> <span class='ocrx_word' id='word_1_393' title='bbox 899 2675 1034 2701; x_wconf 89' lang='lat' dir='ltr'>convenit</span> <span class='ocrx_word' id='word_1_394' title='bbox 1049 2675 1090 2701; x_wconf 83' lang='lat' dir='ltr'>eis</span> <span class='ocrx_word' id='word_1_395' title='bbox 1101 2676 1131 2701; x_wconf 88' lang='lat' dir='ltr'>P.</span> <span class='ocrx_word' id='word_1_396' title='bbox 1148 2692 1180 2694; x_wconf 97' lang='lat'><strong>—</strong></span> <span class='ocrx_word' id='word_1_397' title='bbox 1194 2676 1204 2691; x_wconf 76' lang='lat'><strong>³</strong></span> <span class='ocrx_word' id='word_1_398' title='bbox 1219 2685 1293 2710; x_wconf 86' lang='lat' dir='ltr'>quae</span> <span class='ocrx_word' id='word_1_399' title='bbox 1308 2680 1405 2702; x_wconf 85' lang='lat' dir='ltr'>tamen</span> <span class='ocrx_word' id='word_1_400' title='bbox 1416 2693 1448 2695; x_wconf 97' lang='lat'><strong>—</strong></span> <span class='ocrx_word' id='word_1_401' title='bbox 1461 2676 1697 2711; x_wconf 85' lang='lat' dir='ltr'>determinantes]</span> <span class='ocrx_word' id='word_1_402' title='bbox 1710 2686 1763 2703; x_wconf 88' lang='lat' dir='ltr'>om.</span> <span class='ocrx_word' id='word_1_403' title='bbox 1776 2678 1805 2703; x_wconf 90' lang='lat' dir='ltr'>P.</span> 
     </span>
     <span class='ocr_line' id='line_1_41' title="bbox 337 2719 1700 2747; baseline 0.001 -2"><span class='ocrx_word' id='word_1_404' title='bbox 337 2735 370 2738; x_wconf 97' lang='lat'><strong>—</strong></span> <span class='ocrx_word' id='word_1_405' title='bbox 384 2721 394 2734; x_wconf 79' lang='lat'><strong>⁴</strong></span> <span class='ocrx_word' id='word_1_406' title='bbox 408 2728 462 2745; x_wconf 87' lang='lat' dir='ltr'>om.</span> <span class='ocrx_word' id='word_1_407' title='bbox 476 2719 506 2745; x_wconf 93' lang='lat' dir='ltr'>P.</span> <span class='ocrx_word' id='word_1_408' title='bbox 1684 2722 1700 2747; x_wconf 84' lang='lat'><strong>9</strong></span> 
     </span>
    </p>
   </div>
   <div class='ocr_carea' id='block_1_9' title="bbox 1829 1374 1991 1435">
    <p class='ocr_par' dir='ltr' id='par_1_10' title="bbox 1829 1374 1991 1435">
     <span class='ocr_line' id='line_1_42' title="bbox 1860 1374 1960 1400; baseline -0.01 0"><span class='ocrx_word' id='word_1_409' title='bbox 1860 1374 1924 1400; x_wconf 86' lang='lat' dir='ltr'>cod.</span> <span class='ocrx_word' id='word_1_410' title='bbox 1935 1374 1960 1399; x_wconf 94' lang='lat' dir='ltr'>V</span> 
     </span>
     <span class='ocr_line' id='line_1_43' title="bbox 1829 1409 1991 1435; baseline 0 0"><span class='ocrx_word' id='word_1_411' title='bbox 1829 1409 1878 1435; x_wconf 85' lang='lat' dir='ltr'>fol.</span> <span class='ocrx_word' id='word_1_412' title='bbox 1889 1411 1940 1435; x_wconf 77' lang='lat'>259</span> <span class='ocrx_word' id='word_1_413' title='bbox 1951 1409 1991 1435; x_wconf 77' lang='lat' dir='ltr'>Rb</span> 
     </span>
    </p>
   </div>
  </div>
 </body>
</html>
