<?xml version="1.0" encoding="UTF-8"?>
<!DOCTYPE html PUBLIC "-//W3C//DTD XHTML 1.0 Transitional//EN"
    "http://www.w3.org/TR/xhtml1/DTD/xhtml1-transitional.dtd">
<html xmlns="http://www.w3.org/1999/xhtml" xml:lang="en" lang="en">
 <head>
  <title>
</title>
<meta http-equiv="Content-Type" content="text/html;charset=utf-8" />
  <meta name='ocr-system' content='tesseract 3.04.00' />
  <meta name='ocr-capabilities' content='ocr_page ocr_carea ocr_par ocr_line ocrx_word'/>
</head>
<body>
  <div class='ocr_page' id='page_1' title='image "./lesquatrepremier00godf_0122.png"; bbox 0 0 2493 3458; ppageno 0'>
   <div class='ocr_carea' id='block_1_1' title="bbox 478 1673 642 1736">
    <p class='ocr_par' dir='ltr' id='par_1_1' title="bbox 478 1673 642 1736">
     <span class='ocr_line' id='line_1_1' title="bbox 512 1673 613 1700; baseline 0.01 -1"><span class='ocrx_word' id='word_1_1' title='bbox 512 1673 576 1700; x_wconf 81' lang='lat' dir='ltr'>cod.</span> <span class='ocrx_word' id='word_1_2' title='bbox 588 1673 613 1699; x_wconf 93' lang='lat' dir='ltr'>V</span> 
     </span>
     <span class='ocr_line' id='line_1_2' title="bbox 478 1709 642 1736; baseline 0 -1"><span class='ocrx_word' id='word_1_3' title='bbox 478 1709 525 1735; x_wconf 82' lang='lat' dir='ltr'>fol.</span> <span class='ocrx_word' id='word_1_4' title='bbox 537 1711 588 1736; x_wconf 74' lang='lat'>264</span> <span class='ocrx_word' id='word_1_5' title='bbox 604 1709 642 1735; x_wconf 73' lang='lat' dir='ltr'>Ra</span> 
     </span>
    </p>
   </div>
   <div class='ocr_carea' id='block_1_2' title="bbox 674 428 1782 456">
    <p class='ocr_par' dir='ltr' id='par_1_2' title="bbox 674 428 1782 456">
     <span class='ocr_line' id='line_1_3' title="bbox 674 428 1782 456; baseline -0.001 0"><span class='ocrx_word' id='word_1_6' title='bbox 674 432 724 456; x_wconf 77' lang='grc' dir='ltr'>1ου</span> <span class='ocrx_word' id='word_1_7' title='bbox 1037 429 1226 456; x_wconf 69' lang='lat' dir='ltr'>MAfflS&#39;l‘lss</span> <span class='ocrx_word' id='word_1_8' title='bbox 1257 429 1475 456; x_wconf 58' lang='lat' dir='ltr'>(loom-‘lunt</span> <span class='ocrx_word' id='word_1_9' title='bbox 1506 429 1556 455; x_wconf 73' lang='lat' dir='ltr'>DE</span> <span class='ocrx_word' id='word_1_10' title='bbox 1586 428 1782 455; x_wconf 68' lang='lat' dir='ltr'>FoN&#39;rlsst&#39;s</span> 
     </span>
    </p>
   </div>
   <div class='ocr_carea' id='block_1_3' title="bbox 667 517 2148 2583">
    <p class='ocr_par' dir='ltr' id='par_1_3' title="bbox 667 517 2148 2468">
     <span class='ocr_line' id='line_1_4' title="bbox 669 517 2144 561; baseline -0.001 -10"><span class='ocrx_word' id='word_1_11' title='bbox 669 531 771 561; x_wconf 82' lang='lat' dir='ltr'>quam</span> <span class='ocrx_word' id='word_1_12' title='bbox 790 519 833 552; x_wconf 91' lang='lat' dir='ltr'>de</span> <span class='ocrx_word' id='word_1_13' title='bbox 859 530 896 551; x_wconf 83' lang='lat' dir='ltr'>se</span> <span class='ocrx_word' id='word_1_14' title='bbox 922 520 1035 551; x_wconf 83' lang='lat' dir='ltr'>habet.</span> <span class='ocrx_word' id='word_1_15' title='bbox 1062 519 1141 551; x_wconf 77' lang='lat' dir='ltr'>Non</span> <span class='ocrx_word' id='word_1_16' title='bbox 1167 518 1257 550; x_wconf 82' lang='lat' dir='ltr'>enim</span> <span class='ocrx_word' id='word_1_17' title='bbox 1284 519 1334 550; x_wconf 85' lang='lat' dir='ltr'>sic</span> <span class='ocrx_word' id='word_1_18' title='bbox 1359 518 1491 560; x_wconf 82' lang='lat' dir='ltr'>perficit</span> <span class='ocrx_word' id='word_1_19' title='bbox 1508 529 1583 550; x_wconf 87' lang='lat' dir='ltr'>eam</span> <span class='ocrx_word' id='word_1_20' title='bbox 1609 518 1702 560; x_wconf 86' lang='lat' dir='ltr'>quod</span> <span class='ocrx_word' id='word_1_21' title='bbox 1721 518 1831 560; x_wconf 80' lang='lat' dir='ltr'>ipsam</span> <span class='ocrx_word' id='word_1_22' title='bbox 1850 517 1857 535; x_wconf 92' lang='lat'>¹</span> <span class='ocrx_word' id='word_1_23' title='bbox 1876 518 1998 550; x_wconf 82' lang='lat' dir='ltr'>faciat²</span> <span class='ocrx_word' id='word_1_24' title='bbox 2014 517 2144 560; x_wconf 89' lang='lat' dir='ltr'>perfec-</span> 
     </span>
     <span class='ocr_line' id='line_1_5' title="bbox 668 575 2146 618; baseline -0.002 -9"><span class='ocrx_word' id='word_1_25' title='bbox 668 577 789 610; x_wconf 87' lang='lat' dir='ltr'>tiorem</span> <span class='ocrx_word' id='word_1_26' title='bbox 814 576 1148 615; x_wconf 64' lang='lat' dir='ltr'>substantialitatem,</span> <span class='ocrx_word' id='word_1_27' title='bbox 1174 576 1253 618; x_wconf 84' lang='lat' dir='ltr'>quia</span> <span class='ocrx_word' id='word_1_28' title='bbox 1281 588 1343 608; x_wconf 79' lang='lat' dir='ltr'>sua</span> <span class='ocrx_word' id='word_1_29' title='bbox 1369 575 1641 608; x_wconf 73' lang='lat' dir='ltr'>substantialitas</span> <span class='ocrx_word' id='word_1_30' title='bbox 1664 586 1753 617; x_wconf 86' lang='lat' dir='ltr'>quae</span> <span class='ocrx_word' id='word_1_31' title='bbox 1779 576 1821 607; x_wconf 87' lang='lat' dir='ltr'>de</span> <span class='ocrx_word' id='word_1_32' title='bbox 1847 586 1884 608; x_wconf 83' lang='lat' dir='ltr'>se</span> <span class='ocrx_word' id='word_1_33' title='bbox 1909 575 1974 607; x_wconf 81' lang='lat' dir='ltr'>sibi</span> <span class='ocrx_word' id='word_1_34' title='bbox 1999 576 2146 607; x_wconf 86' lang='lat' dir='ltr'>debetur</span> 
     </span>
     <span class='ocr_line' id='line_1_6' title="bbox 667 632 2143 675; baseline -0.001 -9"><span class='ocrx_word' id='word_1_35' title='bbox 667 635 831 667; x_wconf 86' lang='lat' dir='ltr'>convenit</span> <span class='ocrx_word' id='word_1_36' title='bbox 864 634 928 666; x_wconf 84' lang='lat' dir='ltr'>sibi</span> <span class='ocrx_word' id='word_1_37' title='bbox 965 635 1158 666; x_wconf 82' lang='lat' dir='ltr'>secundum</span> <span class='ocrx_word' id='word_1_38' title='bbox 1191 635 1337 675; x_wconf 60' lang='lat' dir='ltr'>gradum</span> <span class='ocrx_word' id='word_1_39' title='bbox 1369 644 1453 665; x_wconf 85' lang='lat' dir='ltr'>suae</span> <span class='ocrx_word' id='word_1_40' title='bbox 1487 633 1660 665; x_wconf 65' lang='lat' dir='ltr'>essentiae</span> <span class='ocrx_word' id='word_1_41' title='bbox 1686 633 1940 665; x_wconf 77' lang='lat' dir='ltr'>invariabiliter.</span> <span class='ocrx_word' id='word_1_42' title='bbox 1966 633 2036 666; x_wconf 88' lang='lat' dir='ltr'>Sed</span> <span class='ocrx_word' id='word_1_43' title='bbox 2062 632 2143 675; x_wconf 83' lang='lat' dir='ltr'>quia</span> 
     </span>
     <span class='ocr_line' id='line_1_7' title="bbox 668 690 2145 735; baseline -0.001 -11"><span class='ocrx_word' id='word_1_44' title='bbox 668 693 742 735; x_wconf 82' lang='lat' dir='ltr'>ipsa</span> <span class='ocrx_word' id='word_1_45' title='bbox 768 693 877 724; x_wconf 85' lang='lat' dir='ltr'>forma</span> <span class='ocrx_word' id='word_1_46' title='bbox 895 692 1131 724; x_wconf 85' lang='lat' dir='ltr'>substantialis</span> <span class='ocrx_word' id='word_1_47' title='bbox 1150 698 1201 723; x_wconf 83' lang='lat' dir='ltr'>est</span> <span class='ocrx_word' id='word_1_48' title='bbox 1219 691 1492 723; x_wconf 59' lang='lat' dir='ltr'>substantialitas</span> <span class='ocrx_word' id='word_1_49' title='bbox 1509 691 1680 732; x_wconf 77' lang='lat' dir='ltr'>quaedam</span> <span class='ocrx_word' id='word_1_50' title='bbox 1700 690 1884 733; x_wconf 77' lang='lat' dir='ltr'>perfectior</span> <span class='ocrx_word' id='word_1_51' title='bbox 1901 691 1981 732; x_wconf 90' lang='lat' dir='ltr'>quia</span> <span class='ocrx_word' id='word_1_52' title='bbox 1999 691 2145 723; x_wconf 82' lang='lat' dir='ltr'>actualis</span> 
     </span>
     <span class='ocr_line' id='line_1_8' title="bbox 668 748 2146 792; baseline -0.001 -10"><span class='ocrx_word' id='word_1_53' title='bbox 668 770 707 774; x_wconf 91' lang='lat'>-—</span> <span class='ocrx_word' id='word_1_54' title='bbox 727 761 796 782; x_wconf 86' lang='lat' dir='ltr'>non</span> <span class='ocrx_word' id='word_1_55' title='bbox 815 750 895 792; x_wconf 87' lang='lat' dir='ltr'>quia</span> <span class='ocrx_word' id='word_1_56' title='bbox 912 751 1039 782; x_wconf 85' lang='lat' dir='ltr'>habeat</span> <span class='ocrx_word' id='word_1_57' title='bbox 1056 761 1134 782; x_wconf 75' lang='lat' dir='ltr'>esse</span> <span class='ocrx_word' id='word_1_58' title='bbox 1153 750 1345 781; x_wconf 80' lang='lat' dir='ltr'>secundum</span> <span class='ocrx_word' id='word_1_59' title='bbox 1365 760 1412 787; x_wconf 80' lang='lat' dir='ltr'>se,</span> <span class='ocrx_word' id='word_1_60' title='bbox 1431 749 1492 781; x_wconf 87' lang='lat' dir='ltr'>sed</span> <span class='ocrx_word' id='word_1_61' title='bbox 1511 760 1579 790; x_wconf 85' lang='lat' dir='ltr'>qua</span> <span class='ocrx_word' id='word_1_62' title='bbox 1597 748 1725 790; x_wconf 85' lang='lat' dir='ltr'>aliquid</span> <span class='ocrx_word' id='word_1_63' title='bbox 1752 749 1856 780; x_wconf 84' lang='lat' dir='ltr'>habet</span> <span class='ocrx_word' id='word_1_64' title='bbox 1874 748 2076 791; x_wconf 89' lang='lat' dir='ltr'>simpliciter</span> <span class='ocrx_word' id='word_1_65' title='bbox 2094 768 2146 787; x_wconf 96' lang='lat'>—,</span> 
     </span>
     <span class='ocr_line' id='line_1_9' title="bbox 668 806 2145 850; baseline -0.001 -10"><span class='ocrx_word' id='word_1_66' title='bbox 668 808 748 840; x_wconf 86' lang='lat' dir='ltr'>ideo</span> <span class='ocrx_word' id='word_1_67' title='bbox 781 807 1011 850; x_wconf 81' lang='lat' dir='ltr'>compositum</span> <span class='ocrx_word' id='word_1_68' title='bbox 1046 818 1087 840; x_wconf 88' lang='lat' dir='ltr'>ex</span> <span class='ocrx_word' id='word_1_69' title='bbox 1124 807 1265 839; x_wconf 83' lang='lat' dir='ltr'>materia</span> <span class='ocrx_word' id='word_1_70' title='bbox 1301 813 1334 839; x_wconf 75' lang='lat' dir='ltr'>et</span> <span class='ocrx_word' id='word_1_71' title='bbox 1368 807 1477 838; x_wconf 87' lang='lat' dir='ltr'>forma</span> <span class='ocrx_word' id='word_1_72' title='bbox 1510 813 1561 838; x_wconf 75' lang='lat' dir='ltr'>est</span> <span class='ocrx_word' id='word_1_73' title='bbox 1599 807 1774 848; x_wconf 84' lang='lat' dir='ltr'>quoddam</span> <span class='ocrx_word' id='word_1_74' title='bbox 1815 817 1878 838; x_wconf 84' lang='lat' dir='ltr'>ens</span> <span class='ocrx_word' id='word_1_75' title='bbox 1918 806 2145 838; x_wconf 78' lang='lat' dir='ltr'>substantiale</span> 
     </span>
     <span class='ocr_line' id='line_1_10' title="bbox 667 864 2144 908; baseline -0.002 -10"><span class='ocrx_word' id='word_1_76' title='bbox 667 866 856 908; x_wconf 82' lang='lat' dir='ltr'>perfectum</span> <span class='ocrx_word' id='word_1_77' title='bbox 889 866 982 907; x_wconf 75' lang='lat' dir='ltr'>quod</span> <span class='ocrx_word' id='word_1_78' title='bbox 1008 876 1078 897; x_wconf 78' lang='lat' dir='ltr'>non</span> <span class='ocrx_word' id='word_1_79' title='bbox 1104 865 1268 897; x_wconf 65' lang='lat' dir='ltr'>convenit</span> <span class='ocrx_word' id='word_1_80' title='bbox 1305 865 1477 897; x_wconf 78' lang='lat' dir='ltr'>materiae.</span> <span class='ocrx_word' id='word_1_81' title='bbox 1515 864 1620 896; x_wconf 71' lang='grc' dir='ltr'>Νυη3</span> <span class='ocrx_word' id='word_1_82' title='bbox 1656 870 1770 896; x_wconf 87' lang='lat' dir='ltr'>tamen</span> <span class='ocrx_word' id='word_1_83' title='bbox 1808 864 1882 906; x_wconf 87' lang='lat' dir='ltr'>ipsa</span> <span class='ocrx_word' id='word_1_84' title='bbox 1923 864 2032 896; x_wconf 87' lang='lat' dir='ltr'>forma</span> <span class='ocrx_word' id='word_1_85' title='bbox 2066 874 2144 896; x_wconf 91' lang='lat' dir='ltr'>cum</span> 
     </span>
     <span class='ocr_line' id='line_1_11' title="bbox 668 921 2145 964; baseline -0.001 -9"><span class='ocrx_word' id='word_1_86' title='bbox 668 923 808 955; x_wconf 83' lang='lat' dir='ltr'>materia</span> <span class='ocrx_word' id='word_1_87' title='bbox 837 923 965 955; x_wconf 84' lang='lat' dir='ltr'>faceret</span> <span class='ocrx_word' id='word_1_88' title='bbox 990 923 1040 954; x_wconf 86' lang='lat' dir='ltr'>sic</span> <span class='ocrx_word' id='word_1_89' title='bbox 1066 934 1171 954; x_wconf 88' lang='lat' dir='ltr'>unum</span> <span class='ocrx_word' id='word_1_90' title='bbox 1198 922 1429 964; x_wconf 73' lang='lat' dir='ltr'>compositum</span> <span class='ocrx_word' id='word_1_91' title='bbox 1456 922 1694 961; x_wconf 72' lang='lat' dir='ltr'>substantiale,</span> <span class='ocrx_word' id='word_1_92' title='bbox 1720 921 1783 953; x_wconf 79' lang='lat' dir='ltr'>nisi</span> <span class='ocrx_word' id='word_1_93' title='bbox 1810 922 1952 954; x_wconf 88' lang='lat' dir='ltr'>materia</span> <span class='ocrx_word' id='word_1_94' title='bbox 1977 928 2011 954; x_wconf 92' lang='lat' dir='ltr'>et</span> <span class='ocrx_word' id='word_1_95' title='bbox 2036 922 2145 953; x_wconf 87' lang='lat' dir='ltr'>forma</span> 
     </span>
     <span class='ocr_line' id='line_1_12' title="bbox 668 979 2146 1022; baseline -0.001 -10"><span class='ocrx_word' id='word_1_96' title='bbox 668 987 785 1013; x_wconf 80' lang='lat' dir='ltr'>essent</span> <span class='ocrx_word' id='word_1_97' title='bbox 802 981 1074 1013; x_wconf 74' lang='lat' dir='ltr'>substantialitas</span> <span class='ocrx_word' id='word_1_98' title='bbox 1092 981 1262 1022; x_wconf 83' lang='lat' dir='ltr'>quaedam</span> <span class='ocrx_word' id='word_1_99' title='bbox 1289 980 1525 1017; x_wconf 64' lang='lat' dir='ltr'>essentialiter,</span> <span class='ocrx_word' id='word_1_100' title='bbox 1548 981 1636 1011; x_wconf 86' lang='lat' dir='ltr'>haec</span> <span class='ocrx_word' id='word_1_101' title='bbox 1662 979 1870 1022; x_wconf 42' lang='lat' dir='ltr'>potentiali&amp;</span> <span class='ocrx_word' id='word_1_102' title='bbox 1888 980 1976 1012; x_wconf 86' lang='lat' dir='ltr'>haec</span> <span class='ocrx_word' id='word_1_103' title='bbox 2001 979 2146 1011; x_wconf 87' lang='lat' dir='ltr'>actualis</span> 
     </span>
     <span class='ocr_line' id='line_1_13' title="bbox 668 1037 2146 1080; baseline -0.001 -9"><span class='ocrx_word' id='word_1_104' title='bbox 668 1039 761 1071; x_wconf 79' lang='lat' dir='ltr'>(licto</span> <span class='ocrx_word' id='word_1_105' title='bbox 786 1039 901 1071; x_wconf 77' lang='lat' dir='ltr'>modo.</span> <span class='ocrx_word' id='word_1_106' title='bbox 927 1039 1007 1071; x_wconf 81' lang='lat' dir='ltr'>Non</span> <span class='ocrx_word' id='word_1_107' title='bbox 1037 1039 1130 1080; x_wconf 81' lang='lat' dir='ltr'>quod</span> <span class='ocrx_word' id='word_1_108' title='bbox 1157 1038 1350 1070; x_wconf 77' lang='lat' dir='ltr'>substantia</span> <span class='ocrx_word' id='word_1_109' title='bbox 1381 1038 1473 1070; x_wconf 81' lang='lat' dir='ltr'>(licat</span> <span class='ocrx_word' id='word_1_110' title='bbox 1506 1037 1654 1079; x_wconf 87' lang='lat' dir='ltr'>aliquam</span> <span class='ocrx_word' id='word_1_111' title='bbox 1671 1038 1681 1054; x_wconf 75' lang='lat'>‘¹</span> <span class='ocrx_word' id='word_1_112' title='bbox 1715 1048 1784 1069; x_wconf 87' lang='lat' dir='ltr'>rem</span> <span class='ocrx_word' id='word_1_113' title='bbox 1818 1037 2071 1069; x_wconf 76' lang='lat' dir='ltr'>indifferentem</span> <span class='ocrx_word' id='word_1_114' title='bbox 2101 1037 2146 1068; x_wconf 91' lang='lat' dir='ltr'>ad</span> 
     </span>
     <span class='ocr_line' id='line_1_14' title="bbox 667 1094 2146 1137; baseline -0.001 -9"><span class='ocrx_word' id='word_1_115' title='bbox 667 1097 842 1129; x_wconf 79' lang='lat' dir='ltr'>materiam</span> <span class='ocrx_word' id='word_1_116' title='bbox 861 1102 894 1129; x_wconf 91' lang='lat' dir='ltr'>et</span> <span class='ocrx_word' id='word_1_117' title='bbox 920 1097 1073 1135; x_wconf 85' lang='lat' dir='ltr'>formam,</span> <span class='ocrx_word' id='word_1_118' title='bbox 1099 1096 1172 1128; x_wconf 83' lang='lat' dir='ltr'>sive</span> <span class='ocrx_word' id='word_1_119' title='bbox 1196 1096 1296 1127; x_wconf 87' lang='lat' dir='ltr'>aliam</span> <span class='ocrx_word' id='word_1_120' title='bbox 1322 1097 1365 1127; x_wconf 85' lang='lat' dir='ltr'>ab</span> <span class='ocrx_word' id='word_1_121' title='bbox 1391 1102 1544 1137; x_wconf 85' lang='lat' dir='ltr'>utraque,</span> <span class='ocrx_word' id='word_1_122' title='bbox 1571 1096 1633 1127; x_wconf 83' lang='lat' dir='ltr'>sed</span> <span class='ocrx_word' id='word_1_123' title='bbox 1658 1095 1734 1137; x_wconf 82' lang='lat' dir='ltr'>ipsa</span> <span class='ocrx_word' id='word_1_124' title='bbox 1758 1094 2058 1127; x_wconf 77' lang='lat' dir='ltr'>substantialitas⁶</span> <span class='ocrx_word' id='word_1_125' title='bbox 2074 1106 2146 1127; x_wconf 90' lang='lat' dir='ltr'>non</span> 
     </span>
     <span class='ocr_line' id='line_1_15' title="bbox 668 1152 2146 1195; baseline -0.001 -9"><span class='ocrx_word' id='word_1_126' title='bbox 668 1161 720 1186; x_wconf 85' lang='lat' dir='ltr'>est</span> <span class='ocrx_word' id='word_1_127' title='bbox 750 1154 814 1186; x_wconf 80' lang='lat' dir='ltr'>nisi</span> <span class='ocrx_word' id='word_1_128' title='bbox 852 1155 905 1186; x_wconf 86' lang='lat' dir='ltr'>vel</span> <span class='ocrx_word' id='word_1_129' title='bbox 941 1153 1171 1191; x_wconf 81' lang='lat' dir='ltr'>materialitas,</span> <span class='ocrx_word' id='word_1_130' title='bbox 1205 1154 1258 1185; x_wconf 78' lang='lat' dir='ltr'>vel</span> <span class='ocrx_word' id='word_1_131' title='bbox 1291 1153 1405 1195; x_wconf 80' lang='lat' dir='ltr'>aliqua</span> <span class='ocrx_word' id='word_1_132' title='bbox 1438 1153 1630 1191; x_wconf 86' lang='lat' dir='ltr'>actualitas,</span> <span class='ocrx_word' id='word_1_133' title='bbox 1663 1153 1715 1185; x_wconf 67' lang='lat' dir='ltr'>vel</span> <span class='ocrx_word' id='word_1_134' title='bbox 1751 1153 1879 1194; x_wconf 88' lang='lat' dir='ltr'>aliquid</span> <span class='ocrx_word' id='word_1_135' title='bbox 1916 1152 2068 1185; x_wconf 80' lang='lat' dir='ltr'>existens</span> <span class='ocrx_word' id='word_1_136' title='bbox 2104 1163 2146 1185; x_wconf 91' lang='lat' dir='ltr'>ex</span> 
     </span>
     <span class='ocr_line' id='line_1_16' title="bbox 668 1210 2146 1254; baseline -0.001 -10"><span class='ocrx_word' id='word_1_137' title='bbox 668 1218 824 1254; x_wconf 86' lang='lat' dir='ltr'>utroque.</span> <span class='ocrx_word' id='word_1_138' title='bbox 851 1211 1029 1244; x_wconf 84' lang='lat' dir='ltr'>Consimili</span> <span class='ocrx_word' id='word_1_139' title='bbox 1061 1223 1145 1253; x_wconf 65' lang='lat' dir='ltr'>ergo</span> <span class='ocrx_word' id='word_1_140' title='bbox 1180 1211 1323 1248; x_wconf 65' lang='lat' dir='ltr'>ratione,</span> <span class='ocrx_word' id='word_1_141' title='bbox 1349 1211 1376 1243; x_wconf 90' lang='lat' dir='ltr'>si</span> <span class='ocrx_word' id='word_1_142' title='bbox 1412 1212 1520 1243; x_wconf 83' lang='lat' dir='ltr'>forma</span> <span class='ocrx_word' id='word_1_143' title='bbox 1545 1211 1684 1253; x_wconf 70' lang='lat' dir='ltr'>generis</span> <span class='ocrx_word' id='word_1_144' title='bbox 1709 1211 1844 1243; x_wconf 83' lang='lat' dir='ltr'>scilicet</span> <span class='ocrx_word' id='word_1_145' title='bbox 1870 1210 2146 1243; x_wconf 79' lang='lat' dir='ltr'>substantialitas</span> 
     </span>
     <span class='ocr_line' id='line_1_17' title="bbox 668 1269 2146 1312; baseline -0.001 -10"><span class='ocrx_word' id='word_1_146' title='bbox 668 1270 751 1303; x_wconf 93' lang='lat' dir='ltr'>dicit</span> <span class='ocrx_word' id='word_1_147' title='bbox 782 1270 929 1312; x_wconf 79' lang='lat' dir='ltr'>aliquam</span> <span class='ocrx_word' id='word_1_148' title='bbox 966 1270 1289 1301; x_wconf 84' lang='lat' dir='ltr'>substantialitatem</span> <span class='ocrx_word' id='word_1_149' title='bbox 1325 1269 1503 1301; x_wconf 78' lang='lat' dir='ltr'>formalem</span> <span class='ocrx_word' id='word_1_150' title='bbox 1541 1269 1798 1311; x_wconf 88' lang='lat' dir='ltr'>incompletam,</span> <span class='ocrx_word' id='word_1_151' title='bbox 1835 1269 1945 1301; x_wconf 91' lang='lat' dir='ltr'>forma</span> <span class='ocrx_word' id='word_1_152' title='bbox 1980 1269 2146 1311; x_wconf 84' lang='lat' dir='ltr'>specifica</span> 
     </span>
     <span class='ocr_line' id='line_1_18' title="bbox 667 1326 2145 1369; baseline -0.001 -9"><span class='ocrx_word' id='word_1_153' title='bbox 667 1328 802 1360; x_wconf 82' lang='lat' dir='ltr'>realiter</span> <span class='ocrx_word' id='word_1_154' title='bbox 826 1334 859 1360; x_wconf 91' lang='lat' dir='ltr'>et</span> <span class='ocrx_word' id='word_1_155' title='bbox 892 1327 1071 1360; x_wconf 84' lang='lat' dir='ltr'>actualiter</span> <span class='ocrx_word' id='word_1_156' title='bbox 1095 1328 1138 1359; x_wconf 91' lang='lat' dir='ltr'>ab</span> <span class='ocrx_word' id='word_1_157' title='bbox 1168 1338 1209 1359; x_wconf 88' lang='lat' dir='ltr'>ea</span> <span class='ocrx_word' id='word_1_158' title='bbox 1234 1327 1398 1359; x_wconf 74' lang='lat' dir='ltr'>differens</span> <span class='ocrx_word' id='word_1_159' title='bbox 1434 1337 1504 1358; x_wconf 86' lang='lat' dir='ltr'>non</span> <span class='ocrx_word' id='word_1_160' title='bbox 1532 1326 1633 1358; x_wconf 81' lang='lat' dir='ltr'>faciet</span> <span class='ocrx_word' id='word_1_161' title='bbox 1662 1326 1904 1368; x_wconf 80' lang='lat' dir='ltr'>perfectiorem</span> <span class='ocrx_word' id='word_1_162' title='bbox 1930 1326 2040 1369; x_wconf 81' lang='lat' dir='ltr'>ipsam</span> <span class='ocrx_word' id='word_1_163' title='bbox 2066 1327 2145 1359; x_wconf 88' lang='lat' dir='ltr'>sub-</span> 
     </span>
     <span class='ocr_line' id='line_1_19' title="bbox 668 1384 2146 1427; baseline -0.001 -9"><span class='ocrx_word' id='word_1_164' title='bbox 668 1386 922 1418; x_wconf 88' lang='lat' dir='ltr'>stantialitatem</span> <span class='ocrx_word' id='word_1_165' title='bbox 960 1385 1089 1427; x_wconf 83' lang='lat' dir='ltr'>primae</span> <span class='ocrx_word' id='word_1_166' title='bbox 1127 1385 1278 1423; x_wconf 75' lang='lat' dir='ltr'>formae3</span> <span class='ocrx_word' id='word_1_167' title='bbox 1315 1391 1348 1416; x_wconf 83' lang='lat' dir='ltr'>et</span> <span class='ocrx_word' id='word_1_168' title='bbox 1385 1385 1435 1416; x_wconf 86' lang='lat' dir='ltr'>sic</span> <span class='ocrx_word' id='word_1_169' title='bbox 1471 1384 1685 1426; x_wconf 73' lang='lat' dir='ltr'>corporeitas</span> <span class='ocrx_word' id='word_1_170' title='bbox 1715 1384 1832 1416; x_wconf 86' lang='lat' dir='ltr'>addita</span> <span class='ocrx_word' id='word_1_171' title='bbox 1866 1384 2146 1417; x_wconf 83' lang='lat' dir='ltr'>substantialitati</span> 
     </span>
     <span class='ocr_line' id='line_1_20' title="bbox 669 1442 2146 1485; baseline -0.001 -10"><span class='ocrx_word' id='word_1_172' title='bbox 669 1455 737 1476; x_wconf 89' lang='lat' dir='ltr'>non</span> <span class='ocrx_word' id='word_1_173' title='bbox 764 1443 886 1476; x_wconf 77' lang='lat' dir='ltr'>addit⁰</span> <span class='ocrx_word' id='word_1_174' title='bbox 909 1443 1037 1485; x_wconf 87' lang='lat' dir='ltr'>aliquid</span> <span class='ocrx_word' id='word_1_175' title='bbox 1063 1454 1132 1484; x_wconf 86' lang='lat' dir='ltr'>quo</span> <span class='ocrx_word' id='word_1_176' title='bbox 1158 1442 1429 1474; x_wconf 82' lang='lat' dir='ltr'>substantialitas</span> <span class='ocrx_word' id='word_1_177' title='bbox 1460 1443 1675 1484; x_wconf 85' lang='lat' dir='ltr'>praecedens</span> <span class='ocrx_word' id='word_1_178' title='bbox 1701 1442 1743 1474; x_wconf 91' lang='lat' dir='ltr'>sit</span> <span class='ocrx_word' id='word_1_179' title='bbox 1769 1442 1953 1484; x_wconf 82' lang='lat' dir='ltr'>perfectior</span> <span class='ocrx_word' id='word_1_180' title='bbox 1986 1443 2146 1474; x_wconf 85' lang='lat' dir='ltr'>substan-</span> 
     </span>
     <span class='ocr_line' id='line_1_21' title="bbox 668 1499 2146 1542; baseline -0.001 -8"><span class='ocrx_word' id='word_1_181' title='bbox 668 1502 802 1540; x_wconf 87' lang='lat' dir='ltr'>tialitas,</span> <span class='ocrx_word' id='word_1_182' title='bbox 836 1501 898 1534; x_wconf 77' lang='lat' dir='ltr'>sed</span> <span class='ocrx_word' id='word_1_183' title='bbox 924 1502 1035 1533; x_wconf 85' lang='lat' dir='ltr'>solum</span> <span class='ocrx_word' id='word_1_184' title='bbox 1061 1512 1130 1542; x_wconf 78' lang='lat' dir='ltr'>quo</span> <span class='ocrx_word' id='word_1_185' title='bbox 1156 1506 1263 1532; x_wconf 84' lang='lat' dir='ltr'>totum</span> <span class='ocrx_word' id='word_1_186' title='bbox 1290 1500 1332 1532; x_wconf 85' lang='lat' dir='ltr'>sit</span> <span class='ocrx_word' id='word_1_187' title='bbox 1357 1501 1533 1542; x_wconf 84' lang='lat' dir='ltr'>quoddam</span> <span class='ocrx_word' id='word_1_188' title='bbox 1560 1499 1747 1542; x_wconf 87' lang='lat' dir='ltr'>perfectius</span> <span class='ocrx_word' id='word_1_189' title='bbox 1783 1510 1846 1532; x_wconf 86' lang='lat' dir='ltr'>ens</span> <span class='ocrx_word' id='word_1_190' title='bbox 1871 1500 2006 1532; x_wconf 87' lang='lat' dir='ltr'>habens</span> <span class='ocrx_word' id='word_1_191' title='bbox 2031 1500 2146 1542; x_wconf 86' lang='lat' dir='ltr'>plures</span> 
     </span>
     <span class='ocr_line' id='line_1_22' title="bbox 671 1557 2146 1602; baseline -0.001 -10"><span class='ocrx_word' id='word_1_192' title='bbox 671 1559 905 1602; x_wconf 84' lang='lat' dir='ltr'>perfectiones</span> <span class='ocrx_word' id='word_1_193' title='bbox 931 1570 1074 1601; x_wconf 85' lang='lat' dir='ltr'>quarum</span> <span class='ocrx_word' id='word_1_194' title='bbox 1101 1569 1169 1590; x_wconf 90' lang='lat' dir='ltr'>una</span> <span class='ocrx_word' id='word_1_195' title='bbox 1195 1565 1246 1591; x_wconf 87' lang='lat' dir='ltr'>est</span> <span class='ocrx_word' id='word_1_196' title='bbox 1282 1557 1564 1596; x_wconf 77' lang='lat' dir='ltr'>substantialitas,</span> <span class='ocrx_word' id='word_1_197' title='bbox 1599 1557 1664 1589; x_wconf 87' lang='lat' dir='ltr'>alia</span> <span class='ocrx_word' id='word_1_198' title='bbox 1698 1568 1781 1590; x_wconf 80' lang='lat' dir='ltr'>vero</span> <span class='ocrx_word' id='word_1_199' title='bbox 1815 1568 1886 1590; x_wconf 92' lang='lat' dir='ltr'>non</span> <span class='ocrx_word' id='word_1_200' title='bbox 1912 1564 1964 1590; x_wconf 84' lang='lat' dir='ltr'>est</span> <span class='ocrx_word' id='word_1_201' title='bbox 1988 1558 2146 1590; x_wconf 88' lang='lat' dir='ltr'>substan-</span> 
     </span>
     <span class='ocr_line' id='line_1_23' title="bbox 670 1615 2148 1659; baseline -0.001 -10"><span class='ocrx_word' id='word_1_202' title='bbox 670 1617 805 1649; x_wconf 88' lang='lat' dir='ltr'>tialitas.</span> <span class='ocrx_word' id='word_1_203' title='bbox 839 1617 984 1659; x_wconf 86' lang='lat' dir='ltr'>Propter</span> <span class='ocrx_word' id='word_1_204' title='bbox 1008 1617 1102 1658; x_wconf 87' lang='lat' dir='ltr'>quod</span> <span class='ocrx_word' id='word_1_205' title='bbox 1128 1616 1228 1648; x_wconf 88' lang='lat' dir='ltr'>etiam</span> <span class='ocrx_word' id='word_1_206' title='bbox 1255 1615 1330 1658; x_wconf 80' lang='lat' dir='ltr'>ipsa</span> <span class='ocrx_word' id='word_1_207' title='bbox 1365 1616 1475 1647; x_wconf 81' lang='lat' dir='ltr'>forma</span> <span class='ocrx_word' id='word_1_208' title='bbox 1506 1615 1671 1658; x_wconf 83' lang='lat' dir='ltr'>specifica</span> <span class='ocrx_word' id='word_1_209' title='bbox 1703 1627 1773 1647; x_wconf 81' lang='lat' dir='ltr'>non</span> <span class='ocrx_word' id='word_1_210' title='bbox 1806 1616 1917 1647; x_wconf 87' lang='lat' dir='ltr'>solum</span> <span class='ocrx_word' id='word_1_211' title='bbox 1947 1626 2018 1648; x_wconf 90' lang='lat' dir='ltr'>non</span> <span class='ocrx_word' id='word_1_212' title='bbox 2043 1615 2148 1648; x_wconf 90' lang='lat' dir='ltr'>faciet</span> 
     </span>
     <span class='ocr_line' id='line_1_24' title="bbox 671 1673 2145 1716; baseline -0.001 -9"><span class='ocrx_word' id='word_1_213' title='bbox 671 1674 995 1707; x_wconf 82' lang='lat' dir='ltr'>substantialitatem</span> <span class='ocrx_word' id='word_1_214' title='bbox 1022 1676 1025 1714; x_wconf 84' lang='grc' dir='ltr'>Ι</span> <span class='ocrx_word' id='word_1_215' title='bbox 1052 1674 1304 1716; x_wconf 79' lang='lat' dir='ltr'>perfectiorem,</span> <span class='ocrx_word' id='word_1_216' title='bbox 1323 1673 1427 1706; x_wconf 91' lang='lat' dir='ltr'>immo</span> <span class='ocrx_word' id='word_1_217' title='bbox 1445 1673 1547 1706; x_wconf 87' lang='lat' dir='ltr'>etiam</span> <span class='ocrx_word' id='word_1_218' title='bbox 1573 1684 1638 1706; x_wconf 90' lang='lat' dir='ltr'>nec</span> <span class='ocrx_word' id='word_1_219' title='bbox 1656 1673 1979 1706; x_wconf 82' lang='lat' dir='ltr'>substantialitatem</span> <span class='ocrx_word' id='word_1_220' title='bbox 1997 1673 2145 1715; x_wconf 86' lang='lat' dir='ltr'>aliquam</span> 
     </span>
     <span class='ocr_line' id='line_1_25' title="bbox 670 1731 2147 1774; baseline -0.001 -9"><span class='ocrx_word' id='word_1_221' title='bbox 670 1732 784 1772; x_wconf 79' lang='lat' dir='ltr'>faciet,</span> <span class='ocrx_word' id='word_1_222' title='bbox 820 1732 886 1764; x_wconf 85' lang='lat' dir='ltr'>nisi</span> <span class='ocrx_word' id='word_1_223' title='bbox 921 1732 996 1774; x_wconf 85' lang='lat' dir='ltr'>ipsa</span> <span class='ocrx_word' id='word_1_224' title='bbox 1028 1732 1136 1764; x_wconf 86' lang='lat' dir='ltr'>forma</span> <span class='ocrx_word' id='word_1_225' title='bbox 1171 1731 1336 1774; x_wconf 83' lang='lat' dir='ltr'>specifica</span> <span class='ocrx_word' id='word_1_226' title='bbox 1370 1731 1413 1763; x_wconf 86' lang='lat' dir='ltr'>sit</span> <span class='ocrx_word' id='word_1_227' title='bbox 1449 1731 1679 1764; x_wconf 80' lang='lat' dir='ltr'>essentialiter</span> <span class='ocrx_word' id='word_1_228' title='bbox 1703 1737 1736 1763; x_wconf 90' lang='lat' dir='ltr'>et</span> <span class='ocrx_word' id='word_1_229' title='bbox 1769 1731 1956 1764; x_wconf 84' lang='lat' dir='ltr'>formaliter</span> <span class='ocrx_word' id='word_1_230' title='bbox 1987 1732 2147 1763; x_wconf 86' lang='lat' dir='ltr'>substan-</span> 
     </span>
     <span class='ocr_line' id='line_1_26' title="bbox 669 1789 2145 1832; baseline -0.001 -9"><span class='ocrx_word' id='word_1_231' title='bbox 669 1791 794 1823; x_wconf 87' lang='lat' dir='ltr'>tialitas</span> <span class='ocrx_word' id='word_1_232' title='bbox 820 1791 1003 1832; x_wconf 77' lang='lat' dir='ltr'>quaedam,</span> <span class='ocrx_word' id='word_1_233' title='bbox 1029 1796 1062 1822; x_wconf 92' lang='lat' dir='ltr'>et</span> <span class='ocrx_word' id='word_1_234' title='bbox 1086 1790 1136 1822; x_wconf 90' lang='lat' dir='ltr'>sic</span> <span class='ocrx_word' id='word_1_235' title='bbox 1161 1789 1260 1821; x_wconf 86' lang='lat' dir='ltr'>simul</span> <span class='ocrx_word' id='word_1_236' title='bbox 1285 1800 1363 1821; x_wconf 91' lang='lat' dir='ltr'>cum</span> <span class='ocrx_word' id='word_1_237' title='bbox 1390 1789 1500 1832; x_wconf 85' lang='lat' dir='ltr'>prima</span> <span class='ocrx_word' id='word_1_238' title='bbox 1525 1789 1634 1821; x_wconf 89' lang='lat' dir='ltr'>forma</span> <span class='ocrx_word' id='word_1_239' title='bbox 1660 1789 1789 1821; x_wconf 87' lang='lat' dir='ltr'>faceret</span> <span class='ocrx_word' id='word_1_240' title='bbox 1819 1789 1993 1831; x_wconf 89' lang='lat' dir='ltr'>quandam</span> <span class='ocrx_word' id='word_1_241' title='bbox 2019 1800 2145 1822; x_wconf 89' lang='lat' dir='ltr'>novam</span> 
     </span>
     <span class='ocr_line' id='line_1_27' title="bbox 669 1846 2147 1887; baseline -0.001 -7"><span class='ocrx_word' id='word_1_242' title='bbox 669 1848 899 1881; x_wconf 86' lang='lat' dir='ltr'>substantiam</span> <span class='ocrx_word' id='word_1_243' title='bbox 946 1848 1127 1887; x_wconf 87' lang='lat' dir='ltr'>actualem,</span> <span class='ocrx_word' id='word_1_244' title='bbox 1173 1853 1206 1879; x_wconf 90' lang='lat' dir='ltr'>et</span> <span class='ocrx_word' id='word_1_245' title='bbox 1246 1853 1363 1879; x_wconf 81' lang='lat' dir='ltr'>essent</span> <span class='ocrx_word' id='word_1_246' title='bbox 1403 1848 1494 1879; x_wconf 88' lang='lat' dir='ltr'>duae</span> <span class='ocrx_word' id='word_1_247' title='bbox 1534 1847 1842 1879; x_wconf 88' lang='lat' dir='ltr'>substantialitates</span> <span class='ocrx_word' id='word_1_248' title='bbox 1861 1846 1872 1863; x_wconf 80' lang='lat'>⁷</span> <span class='ocrx_word' id='word_1_249' title='bbox 1911 1847 2074 1879; x_wconf 88' lang='lat' dir='ltr'>formales</span> <span class='ocrx_word' id='word_1_250' title='bbox 2113 1853 2147 1880; x_wconf 89' lang='lat' dir='ltr'>et</span> 
     </span>
     <span class='ocr_line' id='line_1_28' title="bbox 669 1904 2147 1948; baseline -0.001 -10"><span class='ocrx_word' id='word_1_251' title='bbox 669 1907 833 1944; x_wconf 83' lang='lat' dir='ltr'>actuales,</span> <span class='ocrx_word' id='word_1_252' title='bbox 867 1905 970 1937; x_wconf 86' lang='lat' dir='ltr'>immo</span> <span class='ocrx_word' id='word_1_253' title='bbox 996 1906 1112 1948; x_wconf 85' lang='lat' dir='ltr'>plures</span> <span class='ocrx_word' id='word_1_254' title='bbox 1137 1905 1236 1937; x_wconf 85' lang='lat' dir='ltr'>simul</span> <span class='ocrx_word' id='word_1_255' title='bbox 1262 1905 1296 1936; x_wconf 92' lang='lat' dir='ltr'>in</span> <span class='ocrx_word' id='word_1_256' title='bbox 1323 1905 1458 1937; x_wconf 89' lang='lat' dir='ltr'>eodem.</span> <span class='ocrx_word' id='word_1_257' title='bbox 1491 1905 1569 1937; x_wconf 90' lang='lat' dir='ltr'>Hoc</span> <span class='ocrx_word' id='word_1_258' title='bbox 1593 1911 1707 1937; x_wconf 84' lang='lat' dir='ltr'>autem</span> <span class='ocrx_word' id='word_1_259' title='bbox 1742 1911 1794 1937; x_wconf 88' lang='lat' dir='ltr'>est</span> <span class='ocrx_word' id='word_1_260' title='bbox 1818 1904 2041 1947; x_wconf 72' lang='lat' dir='ltr'>impossibile„</span> <span class='ocrx_word' id='word_1_261' title='bbox 2067 1905 2147 1947; x_wconf 87' lang='lat' dir='ltr'>quia</span> 
     </span>
     <span class='ocr_line' id='line_1_29' title="bbox 670 1962 2146 2007; baseline -0.001 -11"><span class='ocrx_word' id='word_1_262' title='bbox 670 1964 703 1996; x_wconf 90' lang='lat' dir='ltr'>in</span> <span class='ocrx_word' id='word_1_263' title='bbox 728 1974 858 2007; x_wconf 85' lang='lat' dir='ltr'>genere</span> <span class='ocrx_word' id='word_1_264' title='bbox 883 1963 1115 1996; x_wconf 88' lang='lat' dir='ltr'>accidentium</span> <span class='ocrx_word' id='word_1_265' title='bbox 1141 1969 1193 1995; x_wconf 87' lang='lat' dir='ltr'>est</span> <span class='ocrx_word' id='word_1_266' title='bbox 1218 1962 1432 2005; x_wconf 83' lang='lat' dir='ltr'>impossibile</span> <span class='ocrx_word' id='word_1_267' title='bbox 1467 1963 1550 1994; x_wconf 84' lang='lat' dir='ltr'>dare</span> <span class='ocrx_word' id='word_1_268' title='bbox 1575 1963 1662 1994; x_wconf 87' lang='lat' dir='ltr'>duas</span> <span class='ocrx_word' id='word_1_269' title='bbox 1696 1963 1823 1994; x_wconf 79' lang='lat' dir='ltr'>formas</span> <span class='ocrx_word' id='word_1_270' title='bbox 1852 1962 2087 1995; x_wconf 81' lang='lat' dir='ltr'>accidentales</span> <span class='ocrx_word' id='word_1_271' title='bbox 2112 1963 2146 1995; x_wconf 89' lang='lat' dir='ltr'>in</span> 
     </span>
     <span class='ocr_line' id='line_1_30' title="bbox 670 2020 2148 2063; baseline -0.001 -9"><span class='ocrx_word' id='word_1_272' title='bbox 670 2023 804 2060; x_wconf 83' lang='lat' dir='ltr'>eodem,</span> <span class='ocrx_word' id='word_1_273' title='bbox 842 2021 907 2053; x_wconf 88' lang='lat' dir='ltr'>nisi</span> <span class='ocrx_word' id='word_1_274' title='bbox 939 2021 1006 2053; x_wconf 84' lang='lat' dir='ltr'>sint</span> <span class='ocrx_word' id='word_1_275' title='bbox 1031 2021 1245 2053; x_wconf 75' lang='lat' dir='ltr'>diversorum</span> <span class='ocrx_word' id='word_1_276' title='bbox 1281 2031 1450 2063; x_wconf 80' lang='lat' dir='ltr'>generum</span> <span class='ocrx_word' id='word_1_277' title='bbox 1487 2031 1557 2052; x_wconf 90' lang='lat' dir='ltr'>non</span> <span class='ocrx_word' id='word_1_278' title='bbox 1594 2020 1851 2052; x_wconf 88' lang='lat' dir='ltr'>subalternatim</span> <span class='ocrx_word' id='word_1_279' title='bbox 1888 2020 2078 2062; x_wconf 85' lang='lat' dir='ltr'>positorum</span> <span class='ocrx_word' id='word_1_280' title='bbox 2113 2027 2148 2052; x_wconf 91' lang='lat' dir='ltr'>et</span> 
     </span>
     <span class='ocr_line' id='line_1_31' title="bbox 670 2077 2148 2121; baseline -0.001 -9"><span class='ocrx_word' id='word_1_281' title='bbox 670 2081 791 2112; x_wconf 87' lang='lat' dir='ltr'>saltem</span> <span class='ocrx_word' id='word_1_282' title='bbox 832 2079 1045 2111; x_wconf 81' lang='lat' dir='ltr'>diversarum</span> <span class='ocrx_word' id='word_1_283' title='bbox 1086 2078 1281 2121; x_wconf 85' lang='lat' dir='ltr'>specierum</span> <span class='ocrx_word' id='word_1_284' title='bbox 1323 2078 1574 2120; x_wconf 85' lang='lat' dir='ltr'>disparatarum</span> <span class='ocrx_word' id='word_1_285' title='bbox 1615 2077 1858 2120; x_wconf 86' lang='lat' dir='ltr'>pertinentium</span> <span class='ocrx_word' id='word_1_286' title='bbox 1891 2078 1935 2110; x_wconf 92' lang='lat' dir='ltr'>ad</span> <span class='ocrx_word' id='word_1_287' title='bbox 1973 2078 2148 2120; x_wconf 86' lang='lat' dir='ltr'>disparata</span> 
     </span>
     <span class='ocr_line' id='line_1_32' title="bbox 669 2135 2147 2181; baseline -0.001 -11"><span class='ocrx_word' id='word_1_288' title='bbox 669 2148 801 2181; x_wconf 87' lang='lat' dir='ltr'>genera</span> <span class='ocrx_word' id='word_1_289' title='bbox 826 2137 1023 2179; x_wconf 83' lang='lat' dir='ltr'>propinqua</span> <span class='ocrx_word' id='word_1_290' title='bbox 1048 2148 1118 2168; x_wconf 92' lang='lat' dir='ltr'>non</span> <span class='ocrx_word' id='word_1_291' title='bbox 1144 2136 1404 2169; x_wconf 88' lang='lat' dir='ltr'>subalternatim</span> <span class='ocrx_word' id='word_1_292' title='bbox 1430 2136 1555 2178; x_wconf 86' lang='lat' dir='ltr'>posita.</span> <span class='ocrx_word' id='word_1_293' title='bbox 1573 2135 1667 2179; x_wconf 84' lang='lat' dir='ltr'>Ergo</span> <span class='ocrx_word' id='word_1_294' title='bbox 1691 2135 1844 2168; x_wconf 86' lang='lat' dir='ltr'>similiter</span> <span class='ocrx_word' id='word_1_295' title='bbox 1868 2146 1935 2168; x_wconf 91' lang='lat' dir='ltr'>nec</span> <span class='ocrx_word' id='word_1_296' title='bbox 1958 2135 1992 2168; x_wconf 91' lang='lat' dir='ltr'>in</span> <span class='ocrx_word' id='word_1_297' title='bbox 2017 2146 2147 2179; x_wconf 87' lang='lat' dir='ltr'>genere</span> 
     </span>
     <span class='ocr_line' id='line_1_33' title="bbox 670 2193 2147 2237; baseline -0.001 -10"><span class='ocrx_word' id='word_1_298' title='bbox 670 2195 885 2227; x_wconf 85' lang='lat' dir='ltr'>substantiae</span> <span class='ocrx_word' id='word_1_299' title='bbox 910 2200 1074 2237; x_wconf 85' lang='lat' dir='ltr'>poterunt</span> <span class='ocrx_word' id='word_1_300' title='bbox 1098 2194 1243 2226; x_wconf 83' lang='lat' dir='ltr'>inveniri</span> <span class='ocrx_word' id='word_1_301' title='bbox 1269 2195 1385 2236; x_wconf 90' lang='lat' dir='ltr'>plures</span> <span class='ocrx_word' id='word_1_302' title='bbox 1411 2194 1542 2226; x_wconf 87' lang='lat' dir='ltr'>formae</span> <span class='ocrx_word' id='word_1_303' title='bbox 1574 2193 1820 2226; x_wconf 86' lang='lat' dir='ltr'>substantiales</span> <span class='ocrx_word' id='word_1_304' title='bbox 1853 2193 1888 2225; x_wconf 90' lang='lat' dir='ltr'>in</span> <span class='ocrx_word' id='word_1_305' title='bbox 1922 2194 2056 2234; x_wconf 84' lang='lat' dir='ltr'>eodem,</span> <span class='ocrx_word' id='word_1_306' title='bbox 2081 2193 2147 2226; x_wconf 92' lang='lat' dir='ltr'>nisi</span> 
     </span>
     <span class='ocr_line' id='line_1_34' title="bbox 670 2251 2147 2296; baseline -0.001 -11"><span class='ocrx_word' id='word_1_307' title='bbox 670 2253 865 2296; x_wconf 86' lang='lat' dir='ltr'>pertineant</span> <span class='ocrx_word' id='word_1_308' title='bbox 889 2253 934 2284; x_wconf 87' lang='lat' dir='ltr'>ad</span> <span class='ocrx_word' id='word_1_309' title='bbox 959 2253 1096 2285; x_wconf 87' lang='lat' dir='ltr'>diversa</span> <span class='ocrx_word' id='word_1_310' title='bbox 1130 2262 1263 2295; x_wconf 85' lang='lat' dir='ltr'>genera</span> <span class='ocrx_word' id='word_1_311' title='bbox 1296 2262 1368 2284; x_wconf 91' lang='lat' dir='ltr'>non</span> <span class='ocrx_word' id='word_1_312' title='bbox 1403 2251 1663 2284; x_wconf 87' lang='lat' dir='ltr'>subalternatim</span> <span class='ocrx_word' id='word_1_313' title='bbox 1695 2251 1809 2294; x_wconf 88' lang='lat' dir='ltr'>posita</span> <span class='ocrx_word' id='word_1_314' title='bbox 1824 2251 1845 2290; x_wconf 54' lang='grc' dir='ltr'>Β,</span> <span class='ocrx_word' id='word_1_315' title='bbox 1869 2251 1923 2284; x_wconf 80' lang='lat' dir='ltr'>vel</span> <span class='ocrx_word' id='word_1_316' title='bbox 1957 2252 2078 2284; x_wconf 89' lang='lat' dir='ltr'>saltem</span> <span class='ocrx_word' id='word_1_317' title='bbox 2102 2251 2147 2284; x_wconf 91' lang='lat' dir='ltr'>ad</span> 
     </span>
     <span class='ocr_line' id='line_1_35' title="bbox 671 2309 2148 2353; baseline -0.001 -10"><span class='ocrx_word' id='word_1_318' title='bbox 671 2311 826 2344; x_wconf 86' lang='lat' dir='ltr'>diversas</span> <span class='ocrx_word' id='word_1_319' title='bbox 851 2310 988 2353; x_wconf 84' lang='lat' dir='ltr'>species</span> <span class='ocrx_word' id='word_1_320' title='bbox 1012 2320 1083 2342; x_wconf 88' lang='lat' dir='ltr'>non</span> <span class='ocrx_word' id='word_1_321' title='bbox 1109 2309 1370 2342; x_wconf 82' lang='lat' dir='ltr'>subalternatim</span> <span class='ocrx_word' id='word_1_322' title='bbox 1395 2309 1537 2351; x_wconf 90' lang='lat' dir='ltr'>positas.</span> <span class='ocrx_word' id='word_1_323' title='bbox 1561 2309 1633 2342; x_wconf 90' lang='lat' dir='ltr'>Sed</span> <span class='ocrx_word' id='word_1_324' title='bbox 1657 2310 1725 2342; x_wconf 88' lang='lat' dir='ltr'>hoc</span> <span class='ocrx_word' id='word_1_325' title='bbox 1749 2314 1801 2342; x_wconf 88' lang='lat' dir='ltr'>est</span> <span class='ocrx_word' id='word_1_326' title='bbox 1825 2309 2050 2352; x_wconf 89' lang='lat' dir='ltr'>impossibile,</span> <span class='ocrx_word' id='word_1_327' title='bbox 2067 2309 2148 2352; x_wconf 90' lang='lat' dir='ltr'>quia</span> 
     </span>
     <span class='ocr_line' id='line_1_36' title="bbox 670 2367 2147 2411; baseline -0.001 -10"><span class='ocrx_word' id='word_1_328' title='bbox 670 2375 753 2401; x_wconf 91' lang='lat' dir='ltr'>tunc</span> <span class='ocrx_word' id='word_1_329' title='bbox 789 2368 929 2410; x_wconf 89' lang='lat' dir='ltr'>aliquod</span> <span class='ocrx_word' id='word_1_330' title='bbox 965 2379 1072 2400; x_wconf 87' lang='lat' dir='ltr'>unum</span> <span class='ocrx_word' id='word_1_331' title='bbox 1110 2368 1144 2399; x_wconf 92' lang='lat' dir='ltr'>in</span> <span class='ocrx_word' id='word_1_332' title='bbox 1180 2378 1310 2410; x_wconf 83' lang='lat' dir='ltr'>genere</span> <span class='ocrx_word' id='word_1_333' title='bbox 1346 2367 1561 2400; x_wconf 86' lang='lat' dir='ltr'>substantiae</span> <span class='ocrx_word' id='word_1_334' title='bbox 1586 2373 1679 2400; x_wconf 88' lang='lat' dir='ltr'>esset</span> <span class='ocrx_word' id='word_1_335' title='bbox 1714 2367 1749 2399; x_wconf 88' lang='lat' dir='ltr'>in</span> <span class='ocrx_word' id='word_1_336' title='bbox 1785 2367 1932 2400; x_wconf 85' lang='lat' dir='ltr'>diversis</span> <span class='ocrx_word' id='word_1_337' title='bbox 1958 2367 2147 2411; x_wconf 86' lang='lat' dir='ltr'>generibus</span> 
     </span>
     <span class='ocr_line' id='line_1_37' title="bbox 671 2425 1659 2468; baseline -0.002 -9"><span class='ocrx_word' id='word_1_338' title='bbox 671 2426 887 2459; x_wconf 88' lang='lat' dir='ltr'>substantiae</span> <span class='ocrx_word' id='word_1_339' title='bbox 912 2425 1173 2458; x_wconf 81' lang='lat' dir='ltr'>subalternatim</span> <span class='ocrx_word' id='word_1_340' title='bbox 1199 2425 1330 2467; x_wconf 87' lang='lat' dir='ltr'>positis.</span> <span class='ocrx_word' id='word_1_341' title='bbox 1357 2425 1451 2468; x_wconf 84' lang='lat' dir='ltr'>Ergo</span> <span class='ocrx_word' id='word_1_342' title='bbox 1476 2431 1510 2457; x_wconf 90' lang='lat' dir='ltr'>et</span> <span class='ocrx_word' id='word_1_343' title='bbox 1534 2431 1659 2458; x_wconf 86' lang='lat' dir='ltr'>cetera.</span> 
     </span>
    </p>

    <p class='ocr_par' dir='ltr' id='par_1_4' title="bbox 670 2482 2147 2583">
     <span class='ocr_line' id='line_1_38' title="bbox 760 2482 2147 2525; baseline -0.001 -9"><span class='ocrx_word' id='word_1_344' title='bbox 760 2484 796 2516; x_wconf 87' lang='lat' dir='ltr'>Si</span> <span class='ocrx_word' id='word_1_345' title='bbox 822 2490 937 2516; x_wconf 87' lang='lat' dir='ltr'>autem</span> <span class='ocrx_word' id='word_1_346' title='bbox 964 2483 1097 2516; x_wconf 84' lang='lat' dir='ltr'>dicatur</span> <span class='ocrx_word' id='word_1_347' title='bbox 1121 2484 1215 2525; x_wconf 86' lang='lat' dir='ltr'>quod</span> <span class='ocrx_word' id='word_1_348' title='bbox 1241 2483 1351 2515; x_wconf 84' lang='lat' dir='ltr'>forma</span> <span class='ocrx_word' id='word_1_349' title='bbox 1376 2483 1541 2525; x_wconf 76' lang='lat' dir='ltr'>specifica</span> <span class='ocrx_word' id='word_1_350' title='bbox 1565 2483 1780 2515; x_wconf 88' lang='lat' dir='ltr'>substantiae</span> <span class='ocrx_word' id='word_1_351' title='bbox 1812 2493 1885 2515; x_wconf 91' lang='lat' dir='ltr'>non</span> <span class='ocrx_word' id='word_1_352' title='bbox 1921 2482 1964 2515; x_wconf 89' lang='lat' dir='ltr'>sit</span> <span class='ocrx_word' id='word_1_353' title='bbox 1987 2483 2147 2515; x_wconf 87' lang='lat' dir='ltr'>substan-</span> 
     </span>
     <span class='ocr_line' id='line_1_39' title="bbox 670 2540 2146 2583; baseline -0.001 -9"><span class='ocrx_word' id='word_1_354' title='bbox 670 2542 794 2574; x_wconf 89' lang='lat' dir='ltr'>tialitas</span> <span class='ocrx_word' id='word_1_355' title='bbox 819 2542 989 2583; x_wconf 87' lang='lat' dir='ltr'>quaedam</span> <span class='ocrx_word' id='word_1_356' title='bbox 1016 2541 1253 2581; x_wconf 82' lang='lat' dir='ltr'>determinata,</span> <span class='ocrx_word' id='word_1_357' title='bbox 1278 2540 1367 2573; x_wconf 91' lang='lat' dir='ltr'>sicut</span> <span class='ocrx_word' id='word_1_358' title='bbox 1391 2540 1501 2583; x_wconf 88' lang='lat' dir='ltr'>prima</span> <span class='ocrx_word' id='word_1_359' title='bbox 1525 2541 1635 2573; x_wconf 85' lang='lat' dir='ltr'>forma</span> <span class='ocrx_word' id='word_1_360' title='bbox 1660 2540 1875 2573; x_wconf 88' lang='lat' dir='ltr'>substantiae</span> <span class='ocrx_word' id='word_1_361' title='bbox 1899 2540 2040 2583; x_wconf 90' lang='lat' dir='ltr'>ponitur</span> <span class='ocrx_word' id='word_1_362' title='bbox 2067 2551 2146 2573; x_wconf 88' lang='lat' dir='ltr'>esse</span> 
     </span>
    </p>
   </div>
   <div class='ocr_carea' id='block_1_4' title="bbox 671 2682 2145 2761">
    <p class='ocr_par' dir='ltr' id='par_1_5' title="bbox 671 2682 2145 2761">
     <span class='ocr_line' id='line_1_40' title="bbox 761 2682 2145 2718; baseline 0 -8"><span class='ocrx_word' id='word_1_363' title='bbox 761 2685 768 2700; x_wconf 94' lang='lat'>¹</span> <span class='ocrx_word' id='word_1_364' title='bbox 783 2683 846 2718; x_wconf 84' lang='lat' dir='ltr'>ipsa</span> <span class='ocrx_word' id='word_1_365' title='bbox 860 2683 890 2710; x_wconf 86' lang='lat' dir='ltr'>P.</span> <span class='ocrx_word' id='word_1_366' title='bbox 905 2699 938 2703; x_wconf 90' lang='lat'><strong>—</strong></span> <span class='ocrx_word' id='word_1_367' title='bbox 959 2683 969 2698; x_wconf 78' lang='lat'><strong>²</strong></span> <span class='ocrx_word' id='word_1_368' title='bbox 983 2691 1037 2709; x_wconf 56' lang='lat' dir='ltr'>om⁴</span> <span class='ocrx_word' id='word_1_369' title='bbox 1057 2683 1088 2709; x_wconf 90' lang='lat' dir='ltr'>P.</span> <span class='ocrx_word' id='word_1_370' title='bbox 1102 2698 1135 2702; x_wconf 90' lang='lat'>—</span> <span class='ocrx_word' id='word_1_371' title='bbox 1149 2683 1160 2698; x_wconf 79' lang='lat'><strong>⁸</strong></span> <span class='ocrx_word' id='word_1_372' title='bbox 1173 2687 1275 2709; x_wconf 86' lang='lat' dir='ltr'>contra</span> <span class='ocrx_word' id='word_1_373' title='bbox 1294 2682 1328 2715; x_wconf 83' lang='lat' dir='ltr'>V,</span> <span class='ocrx_word' id='word_1_374' title='bbox 1349 2682 1457 2709; x_wconf 82' lang='lat' dir='ltr'>lacuna</span> <span class='ocrx_word' id='word_1_375' title='bbox 1471 2682 1503 2709; x_wconf 88' lang='lat' dir='ltr'>P.</span> <span class='ocrx_word' id='word_1_376' title='bbox 1517 2698 1550 2702; x_wconf 73' lang='lat'>-</span> <span class='ocrx_word' id='word_1_377' title='bbox 1571 2684 1580 2698; x_wconf 81' lang='lat'><strong>⁴</strong></span> <span class='ocrx_word' id='word_1_378' title='bbox 1595 2682 1681 2709; x_wconf 89' lang='lat' dir='ltr'>aliam</span> <span class='ocrx_word' id='word_1_379' title='bbox 1701 2683 1732 2709; x_wconf 90' lang='grc' dir='ltr'>Ρ.</span> <span class='ocrx_word' id='word_1_380' title='bbox 1752 2697 1785 2701; x_wconf 91' lang='lat'><em>—</em></span> <span class='ocrx_word' id='word_1_381' title='bbox 1805 2683 1816 2698; x_wconf 88' lang='lat'>⁵</span> <span class='ocrx_word' id='word_1_382' title='bbox 1834 2691 1889 2709; x_wconf 87' lang='lat' dir='ltr'>om.</span> <span class='ocrx_word' id='word_1_383' title='bbox 1909 2683 1942 2709; x_wconf 74' lang='lat' dir='ltr'>V.</span> <span class='ocrx_word' id='word_1_384' title='bbox 1962 2697 1996 2702; x_wconf 97' lang='lat'><strong>—</strong></span> <span class='ocrx_word' id='word_1_385' title='bbox 2016 2683 2027 2698; x_wconf 81' lang='lat'>⁶</span> <span class='ocrx_word' id='word_1_386' title='bbox 2045 2691 2100 2709; x_wconf 86' lang='lat' dir='ltr'>om.</span> <span class='ocrx_word' id='word_1_387' title='bbox 2114 2682 2145 2710; x_wconf 88' lang='lat' dir='ltr'>P.</span> 
     </span>
     <span class='ocr_line' id='line_1_41' title="bbox 671 2726 1832 2761; baseline 0 -7"><span class='ocrx_word' id='word_1_388' title='bbox 671 2743 704 2748; x_wconf 90' lang='lat'>—</span> <span class='ocrx_word' id='word_1_389' title='bbox 726 2728 734 2743; x_wconf 89' lang='lat'>⁷</span> <span class='ocrx_word' id='word_1_390' title='bbox 753 2727 934 2754; x_wconf 82' lang='lat' dir='ltr'>substantiae</span> <span class='ocrx_word' id='word_1_391' title='bbox 953 2727 1163 2753; x_wconf 87' lang='lat' dir='ltr'>substantiales</span> <span class='ocrx_word' id='word_1_392' title='bbox 1182 2726 1212 2752; x_wconf 91' lang='lat' dir='ltr'>P.</span> <span class='ocrx_word' id='word_1_393' title='bbox 1234 2742 1266 2745; x_wconf 88' lang='lat'>—</span> <span class='ocrx_word' id='word_1_394' title='bbox 1287 2727 1297 2741; x_wconf 76' lang='lat'>⁸</span> <span class='ocrx_word' id='word_1_395' title='bbox 1310 2735 1382 2761; x_wconf 85' lang='lat' dir='ltr'>ergo</span> <span class='ocrx_word' id='word_1_396' title='bbox 1401 2726 1534 2754; x_wconf 86' lang='lat' dir='ltr'>similiter</span> <span class='ocrx_word' id='word_1_397' title='bbox 1553 2742 1585 2745; x_wconf 97' lang='lat'><strong>—</strong></span> <span class='ocrx_word' id='word_1_398' title='bbox 1605 2726 1712 2761; x_wconf 84' lang='lat' dir='ltr'>posita]</span> <span class='ocrx_word' id='word_1_399' title='bbox 1732 2735 1787 2753; x_wconf 87' lang='lat' dir='ltr'>om.</span> <span class='ocrx_word' id='word_1_400' title='bbox 1800 2726 1832 2754; x_wconf 88' lang='lat' dir='ltr'>P.</span> 
     </span>
    </p>
   </div>
  </div>
 </body>
</html>
