2493 3458
493 1381 556 1407 cod.
573 1382 594 1407 P

460 1416 508 1442 fol.
526 1419 573 1443 151
591 1417 630 1442 γῆ

481 1698 559 1735 γςοιῖ.
575 1698 595 1724 S

472 1735 521 1760 101.
535 1736 568 1760 47
585 1735 624 1760 Νὴ

652 390 703 413 32¹:
1018 383 1205 410 MAfllS'sm
1238 382 1454 409 GOUEFRlDl
1487 382 1537 408 DF.
1567 380 1763 407 PON'rmUS

653 475 750 501 divina
771 474 929 500 secundum
954 473 1126 499 nobiliorem
1150 471 1373 497 imitabilitatein
1398 470 1555 505 respondet
1579 470 1626 495 uni
1651 469 1770 495 ideato'
1792 477 1877 503 quam
1901 468 1957 500 alii,
1978 468 2124 503 loquendo

652 522 811 549 secundum
832 522 973 547 rationein
995 519 1184 553 intelligendi.
1205 519 1263 545 Sed
1285 519 1311 544 in
1333 517 1490 544 individuis
1512 517 1642 543 eiusdem
1673 515 1782 551 speciei
1811 525 1868 542 non
1898 521 1942 541 est
1971 515 2044 541 ordo
2073 524 2125 550 per

653 581 684 596 se
704 569 851 604 loquendo
872 578 925 595 nec
947 568 1106 603 perfectius
1126 576 1179 593 nee
1201 567 1294 592 minus
1314 565 1484 601 perlectum.
1506 565 1582 599 Ergo
1598 566 1608 580 ’-’
1636 564 1678 590 eis
1706 573 1763 590 non
1788 563 1966 598 respondent
1989 563 2124 591 diversae

653 618 745 644 ideae.
766 633 798 636 m
820 619 930 651 Quarta
952 615 1024 642 ratio
1039 616 1048 630 ‘¹
1069 614 1135 641 talis
1155 619 1206 640 est.
1227 613 1336 639 Generi
1357 618 1385 639 et
1406 612 1588 639 differentiae
1609 620 1665 638 non
1687 610 1865 646 respondent
1885 611 2019 636 diversae
2040 610 2125 636 ideae

653 665 719 691 lieet
740 665 866 691 habeant
886 664 1017 690 diversas
1037 662 1173 689 rationes.
1195 662 1229 687 Et
1250 661 1304 687 hoc
1326 660 1392 687 ideo
1421 665 1465 686 est
1495 660 1561 695 quia
1591 668 1647 685 nnn
1675 660 1781 685 liabent
1802 667 1854 693 per
1873 668 1904 684 se
1925 657 2124 684 diversitatem

653 713 813 744 formalem,
842 711 894 737 sed
923 720 976 746 per
1004 710 1142 737 accidens
1171 709 1308 735 dille-runt
1334 713 1454 743 propter
1481 706 1745 734 considerationem
1775 706 1940 732 intellectus
1965 706 2127 741 apprehen-

652 760 748 786 dentis
765 762 780 792 ¹,
800 768 886 785 unum
907 763 938 784 ut
958 757 1165 793 incompletum
1190 761 1218 783 et
1239 756 1316 782 aliud
1337 761 1366 782 ut
1387 755 1508 781 t'ornmle
1531 755 1786 790 complementum.
1808 754 1885 787 Ergo
1906 762 1922 779 a
1942 753 2037 783 simili,
2060 762 2124 779 cum

652 807 801 834 individua
821 816 877 832 non
898 807 1024 832 habeant
1045 814 1097 840 per
1114 815 1145 831 se
1166 804 1365 830 diversitatem
1390 803 1541 829 formalem
1566 812 1619 829 nec
1643 802 1752 837 aliquid
1776 801 1897 827 formale
1921 800 2009 827 addat
2024 801 2034 815 ὅ
2053 800 2125 827 indi-

652 855 770 881 viduum
797 856 910 890 super⁰
932 853 1070 888 speciem,
1093 852 1216 879 diversis
1243 851 1399 877 individuis
1425 860 1481 877 non
1510 855 1646 886 poterunt
1670 848 1849 884 respondere
1875 848 2009 874 diversae
2032 848 2127 880 ideae,

652 904 742 929 multo
763 902 856 928 minus
877 901 962 928 etium
985 910 1070 936 quain
1088 901 1095 915 ἲ
1116 899 1215 935 generi
1236 904 1264 925 et
1285 898 1476 925 dill'erentiae.
1492 914 1524 917 —
1545 897 1654 932 Quinta
1675 896 1740 923 talis
1760 901 1812 923 est.
1833 896 1956 931 Species
1979 895 2006 922 in
2030 900 2126 922 mente

653 950 749 985 angeli
777 950 945 976 derivantur
974 949 1010 975 ab
1041 948 1114 974 ideis
1143 947 1256 974 divinis.
1286 947 1345 973 Sed
1374 946 1490 982 species
1520 946 1547 972 in
1580 950 1677 971 mente
1710 944 1806 978 angeli
1838 953 1894 970 non
1927 943 2127 979 plurificantur

652 998 811 1025 secundum
842 997 1037 1032 pluralitatem
1067 995 1281 1022 individuorum
1311 994 1362 1020 sed
1392 998 1502 1020 tantum
1535 992 1695 1019 secundum
1722 992 1917 1027 pluralitatem
1944 991 2127 1026 specierum3

653 1055 723 1080 ergo
744 1055 759 1072 a
780 1045 865 1071 simili
886 1054 939 1071 mc
961 1044 1052 1070 ideas.
1075 1059 1106 1063 ——
1131 1044 1220 1069 Sexta
1243 1043 1309 1069 talis
1333 1046 1384 1068 est.
1408 1041 1489 1068 Sicut
1514 1041 1587 1067 ratio
1611 1040 1791 1074 intelligendi
1815 1048 1847 1066 se
1870 1040 1958 1065 babet
1981 1039 2017 1065 ad
2041 1039 2127 1074 pluri-

652 1093 819 1120 ficationem
842 1093 948 1119 reule-in
969 1091 995 1118 in
1018 1091 1167 1122 creaturis,
1197 1091 1236 1116 ita
1265 1100 1296 1116 se
1325 1090 1413 1116 habet
1443 1089 1479 1115 ad
1509 1088 1751 1124 plurilicationem
1783 1087 1903 1114 rationis
1923 1087 1950 1112 in
1972 1087 2044 1112 Deo.
2068 1086 2127 1113 Sed

653 1142 681 1168 in
701 1141 842 1168 creaturis
863 1139 1108 1167 intellectualibus
1130 1147 1185 1165 non
1210 1138 1390 1173 plurificatur
1413 1137 1528 1163 realiter
1549 1136 1622 1162 ratio
1646 1135 1828 1169 intelligendi
1851 1134 2011 1161 secundum
2032 1134 2129 1169 plura-

652 1190 762 1216 litatem
801 1188 1025 1215 individuorum.
1064 1187 1141 1220 Ergo
1180 1195 1233 1212 nec
1272 1185 1299 1212 in
1342 1185 1405 1211 Deo
1448 1184 1517 1211 illud
1558 1183 1636 1219 quod
1678 1183 1794 1219 ponitur
1831 1183 1904 1209 ratio
1946 1181 2128 1215 intelligendi

652 1237 832 1272 plurificatur
847 1238 856 1250 ’¹
879 1235 1038 1262 secundum
1062 1234 1203 1261 rationem
1229 1238 1363 1268 respectu
1388 1232 1512 1268 plurium
1536 1231 1750 1258 individuorum
1774 1230 1905 1257 eiusdem
1929 1229 2047 1266 speciei.
2068 1229 2127 1256 Sed

653 1284 719 1311 idea
748 1284 865 1319 ponitur
894 1284 967 1310 ratio
998 1281 1178 1316 intelligendi
1209 1286 1357 1308 creaturas
1386 1281 1509 1315 aliquou
1535 1279 1632 1306 modo.
1659 1279 1736 1313 Ergo
1762 1284 1791 1305 et
1817 1283 1923 1304 cetera.
1949 1278 2014 1304 Hoc
2040 1278 2127 1304 etiam

653 1332 768 1359 videtur
796 1341 860 1358 esse
891 1331 1012 1357 intentio
1042 1329 1198 1364 Augustini
1220 1331 1258 1361 (l)
1288 1329 1315 1354 in
1345 1328 1470 1363 epistula
1493 1328 1530 1354 ad
1553 1326 1733 1357 Nebridium,
1753 1326 1801 1352 ubi
1822 1326 1883 1352 vult
1903 1325 1981 1361 quod
2004 1324 2129 1352 hominis

653 1384 764 1406 tanturn
793 1384 837 1406 est
867 1379 905 1405 ibi
935 1378 1009 1405 ratio
1038 1387 1095 1404 non
1122 1380 1125 1411 1
1152 1377 1236 1403 liuius
1263 1377 1307 1402 vel
1337 1376 1412 1402 illius
1439 1381 1467 1402 et
1493 1375 1571 1410 quod
1597 1375 1732 1401 diversae
1759 1374 1887 1400 rationes
1912 1373 2006 1400 reales
2035 1373 2128 1400 diver-

652 1436 749 1454 sorum
775 1427 922 1453 hominum
951 1425 1075 1452 diversis
1095 1425 1276 1460 temporibus
1297 1424 1439 1450 sactorum
1460 1424 1567 1449 liabent
1588 1422 1615 1449 in
1636 1428 1733 1449 mente
1756 1421 1854 1448 divina
1876 1430 1962 1448 unam
1986 1421 2127 1448 rationem

652 1475 772 1510 speciei,
801 1475 954 1501 declarans
972 1476 991 1489 ¹⁰
1019 1474 1073 1500 hoc
1104 1482 1155 1509 per
1184 1472 1287 1504 simile,
1317 1471 1429 1498 scilicet
1458 1471 1536 1506 quod
1567 1480 1618 1506 per
1646 1470 1770 1496 eandem
1794 1470 1935 1496 rationem
1959 1469 2092 1504 quadrati
2110 1470 2128 1484 ¹¹

652 1523 776 1560 facimus
796 1523 841 1549 vel
862 1522 1096 1549 demonstramus
1117 1530 1204 1547 omne
1225 1520 1398 1555 quadratum
1417 1521 1443 1551 ¹²⁹,
1463 1528 1520 1545 non
1541 1527 1593 1554 per
1613 1518 1699 1544 aliam
1719 1522 1748 1544 et
1768 1517 1853 1544 aliam
1874 1517 2025 1543 rationem.

741 1570 788 1597 Ad
817 1570 960 1596 rationem
990 1578 1017 1595 in
1047 1568 1224 1595 contrarium
1255 1572 1344 1603 patet,
1367 1566 1434 1602 qnia
1457 1576 1514 1593 non
1538 1566 1734 1601 quorumlibet
1759 1565 1943 1600 cognitorum
1969 1569 2013 1591 est
2035 1564 2129 1600 primo

653 1623 682 1646 et
710 1628 763 1654 per
790 1628 821 1645 se
851 1618 917 1644 idea
947 1617 999 1644 sed
1029 1616 1192 1643 formalium
1222 1615 1404 1642 obiectorum
1434 1614 1594 1641 secundum
1623 1622 1704 1640 suam
1736 1613 1887 1640 formalem
1917 1612 2067 1639 rationem.
2094 1612 2129 1638 Et

652 1666 812 1694 secundum
834 1666 903 1692 talia
923 1664 1135 1700 cognoscibilia
1162 1664 1244 1699 plura
1270 1668 1336 1690 sunt
1362 1663 1497 1689 diversae
1523 1662 1616 1694 ideae,
1635 1670 1694 1688 non
1714 1666 1811 1687 autem
1832 1660 1993 1687 secundum
2013 1660 2129 1686 diversa

653 1713 866 1749 cognoscibilia
883 1715 902 1729 ¹³
922 1722 956 1739 ex
977 1712 1168 1747 consequenti
1189 1716 1218 1738 et
1239 1711 1427 1738 materialiter
1446 1710 1619 1736 differentia.
1646 1712 1650 1743 Ι

1223 1906 1487 1943 Ω[“ΑΕ8ΤΙΟ
1520 1907 1555 1933 11

1309 1989 1454 2012 ‹anws
1460 1991 1473 2008 i.

656 2083 763 2110 Utrum
789 2085 900 2118 ponere
919 2084 1090 2108 crpaturam
1111 2081 1148 2107 ab
1166 2083 1288 2108 aeterno
1314 2089 1374 2107 esse
1400 2082 1547 2115 quantum
1567 2080 1608 2106 ad
1632 2088 1691 2106 esse
1709 2079 1945 2114 qm'dditati'vum
1965 2077 2127 2104 secundum

796 2130 876 2165 qnod
893 2132 936 2156 est
955 2129 985 2156 in
1002 2129 1256 2164 praedicamento,
1274 2129 1315 2155 sit
1329 2131 1440 2164 ponere
1460 2128 1605 2154 mundum
1619 2127 1720 2162 fuisse
1738 2127 1776 2153 ab
1795 2128 1915 2153 aeterno
1929 2127 1976 2159 (2).

741 2264 849 2291 Postea
869 2263 1085 2299 quaerebantur
1110 2262 1168 2289 duo
1194 2262 1222 2289 in
1248 2262 1378 2298 generali
1405 2262 1441 2289 de
1467 2265 1600 2288 creatura
1632 2264 1772 2296 quantum
1804 2259 1842 2286 ad
1873 2267 1941 2285 esse
1973 2257 2128 2285 essentiae.

653 2312 780 2338 Primum
794 2315 856 2338 erat
878 2316 972 2338 utrum
995 2320 1107 2346 ponere
1129 2315 1292 2337 creaturam
1315 2311 1352 2337 ab
1375 2317 1495 2337 aeterno
1518 2317 1584 2336 esse
1598 2312 1738 2344 quantum
1758 2307 1795 2334 ad
1815 2315 1881 2334 esse
1901 2305 2126 2342 quidditativum

652 2359 813 2386 secundum
827 2359 906 2394 quod
921 2363 965 2386 est
979 2358 1007 2385 in
1021 2358 1271 2394 praedicamento,
1290 2358 1328 2385 sit
1348 2366 1459 2394 ponere
1478 2357 1617 2384 mundum
1639 2356 1731 2382 fuisse
1751 2355 1789 2382 ab
1809 2359 1939 2382 aeterne.
1959 2353 2128 2380 Secundum

743 2493 750 2507 ¹
770 2492 864 2527 magis
883 2492 951 2518 add.
972 2491 1049 2519 C.—
1069 2493 1080 2507 ²¹
1099 2491 1126 2518 in
1147 2492 1216 2518 add.
1237 2491 1268 2518 C.
1289 2507 1322 2510 —
1342 2491 1353 2507 ³
1372 2500 1426 2517 om.
1447 2490 1480 2517 C.
1499 2506 1532 2510 ——
1553 2492 1562 2506 ⁴
1583 2487 1860 2524 comprehendentis
1874 2487 1907 2514 C.
1922 2502 1955 2506 —
1975 2487 1986 2502 ⁵
1999 2485 2081 2512 addit
2095 2484 2128 2512 C.

653 2551 685 2555 ——
706 2536 716 2551 ⁶
735 2544 823 2571 supra
843 2535 875 2563 C.
895 2551 928 2555 —
951 2536 959 2551 ⁷
978 2544 1032 2562 om.
1054 2535 1086 2562 C.
1109 2551 1142 2554 —
1163 2536 1173 2551 ⁸
1191 2535 1404 2570 plurifieabitur
1423 2534 1456 2561 C.
1480 2550 1513 2553 —
1533 2534 1544 2549 ⁹
1563 2533 1691 2568 quodam
1712 2531 1745 2559 C.
1768 2547 1801 2551 —
1827 2532 1848 2547 ¹⁰
1867 2530 2019 2557 declarant
2038 2529 2071 2556 C.
2095 2544 2129 2548 —

654 2581 673 2595 ¹¹
694 2579 868 2614 quadratum
889 2579 920 2606 C.
941 2595 974 2598 —
997 2580 1016 2595 ¹³
1036 2583 1065 2606 et
1083 2579 1152 2605 add.
1173 2578 1206 2606 C.
1226 2594 1260 2598 —
1283 2579 1302 2595 ¹³
1321 2578 1404 2614 plura
1423 2578 1492 2604 add.
1514 2577 1546 2604 C.

740 2682 779 2713 (1)
800 2679 859 2707 Csr.
880 2689 906 2715 p.
927 2681 987 2713 232,
1007 2689 1034 2706 n.
1055 2681 1102 2713 (1).
1123 2695 1155 2699 --
1175 2682 1214 2713 (2)
1236 2679 1295 2706 Cfr.
1315 2688 1364 2715 pp.
1383 2680 1510 2705 223-241.
