2493 3458
742 473 915 501 TERTIUM
945 473 1241 508 QUODLIBETUM,
1270 474 1305 509 Q.
1334 474 1374 500 IX
1734 475 1784 500 217

318 570 471 606 potestas
489 563 653 595 audiendi
677 563 920 595 confessiones
947 574 966 594 a
991 574 1082 605 papa
1106 564 1159 595 vel
1185 575 1204 595 a
1228 564 1343 607 legato
1361 569 1393 595 et
1411 565 1453 595 ab
1480 564 1566 606 ipso,
1585 564 1785 605 irrequisitis

317 622 555 654 sacerdotibus
580 621 809 660 inferioribus,
835 626 983 662 possunt
1006 621 1111 652 libere
1137 621 1255 653 audire
1281 621 1521 653 confessiones
1549 628 1581 653 et
1606 622 1785 653 absolvere

318 679 547 721 poenitentes,
583 678 629 710 ita
666 684 781 710 tamen
814 679 908 719 quod
947 678 1069 710 virtute
1105 678 1180 710 talis
1217 679 1471 711 commissionis
1508 679 1678 721 generalis
1715 690 1785 710 non

318 737 529 769 extendantl
564 747 686 767 manus
723 737 766 767 ad
802 746 904 768 casus
941 741 974 767 et
1009 741 1132 775 cetera,
1169 736 1235 767 nisi
1271 736 1372 768 etiam
1405 748 1509 778 super
1544 737 1608 768 illis
1645 737 1693 768 eis
1729 737 1786 767 fiat

317 794 516 826 commissio
541 793 711 836 specialis.
737 794 826 825 Cum
851 804 936 835 ergo
962 793 995 824 in
1022 794 1113 825 dicto
1139 793 1320 837 privilegio
1346 794 1481 825 Martini
1500 796 1545 833 (i)
1571 795 1664 835 quod
1684 794 1785 825 etiam

317 853 447 884 habent
477 852 598 883 fratres
635 851 903 893 praedicatores,
936 862 1007 882 non
1039 851 1097 882 fiat
1129 851 1257 883 mentio
1295 852 1337 883 de
1373 851 1571 883 huiusmodi
1605 851 1785 894 privilegio

318 909 506 941 Clementis
532 920 612 950 per:
650 919 720 940 non
746 909 905 940 obstante
931 914 963 940 et
995 914 1118 947 cetera,
1144 919 1210 940 nec
1234 908 1268 940 in
1293 908 1490 940 huiusmodi
1517 909 1697 952 privilegio
1730 910 1787 941 fiat

317 967 476 998 fratribus
511 967 554 998 de
590 966 689 998 dictis
727 966 865 997 casibus
902 966 1101 997 commissio
1139 966 1309 1007 specialis,
1343 966 1477 998 videtur
1502 968 1596 1008 quod
1632 967 1675 998 ad
1711 967 1786 999 illos

316 1035 388 1056 non
417 1030 563 1066 possunt
592 1024 778 1056 extendere
807 1022 929 1055 manus
959 1034 1050 1055 suas.
1080 1024 1150 1055 Sed
1180 1024 1326 1055 eandem
1354 1024 1511 1055 videntur
1538 1025 1666 1056 habere
1693 1030 1787 1066 pote-

317 1087 438 1114 statem
464 1081 588 1113 virtute
621 1081 702 1113 dicti
731 1081 898 1124 privilegii
927 1082 1047 1112 fratres
1075 1081 1227 1113 minores
1256 1092 1358 1122 quam
1384 1083 1513 1113 habent
1546 1082 1666 1113 fratres
1692 1093 1787 1124 prae-

317 1140 498 1172 dicatores.
524 1139 617 1182 Ergo
643 1150 708 1170 nec
734 1138 798 1180 ipsi
824 1139 857 1170 in
883 1139 983 1170 dictis
1009 1139 1147 1171 casibus
1173 1139 1353 1171 absolvere
1380 1146 1535 1181 lmssunt.

406 1197 601 1240 Responsio
627 1196 661 1228 in
686 1197 772 1229 libro
799 1196 961 1241 magistri.

889 1388 1127 1429 QUAESTIO
1154 1389 1208 1419 lx.

323 1488 463 1525 Utrum
495 1487 643 1537 aliquis
672 1487 859 1535 specialis
878 1487 937 1523 vel
952 1487 1221 1535 particularis
1244 1487 1455 1535 fistulatas
1475 1488 1555 1523 sive
1580 1488 1788 1536 esn'scoplts

363 1554 493 1602 possit
511 1554 688 1604 aliquam
706 1554 942 1602 positsoncnz
965 1554 1139 1590 habitam
1156 1554 1277 1601 prins
1292 1558 1368 1602 pro
1390 1554 1574 1602 osn'nione
1594 1557 1785 1604 tanquam

368 1620 607 1657 llclel'el‘scalll
638 1620 697 1656 UCJ
726 1634 932 1656 erroneam
964 1621 1240 1657 (J‘Olldcmllc‘ll‘e.

404 1765 540 1797 Deinde
566 1765 657 1797 circa
682 1765 889 1807 pertinentia
914 1767 957 1797 ad
983 1766 1155 1807 praelatos
1180 1767 1349 1798 habentes
1375 1766 1611 1798 auctoritatem
1638 1767 1787 1799 docendi

315 1823 447 1855 ratione
487 1823 589 1855 officii
630 1823 823 1865 pastoralis,
864 1824 1094 1864 quaerebatur
1141 1835 1257 1862 unum,
1299 1829 1411 1855 utrum
1460 1824 1619 1856 videlicet
1666 1825 1787 1866 aliquis

315 1881 475 1923 specialis
500 1881 554 1912 vel
590 1881 805 1922 particularis
840 1882 1012 1923 praelatus
1049 1881 1121 1913 sive
1159 1881 1346 1923 episcopus
1372 1881 1482 1923 possit
1512 1882 1659 1923 aliquam
1696 1883 1787 1924 posi-

315 1938 444 1970 tionem
480 1938 631 1970 habitam
663 1938 757 1980 prius
793 1950 855 1980 pro
888 1938 1053 1980 opinione
1085 1944 1248 1980 tanquam
1282 1939 1490 1971 haereticam
1521 1940 1573 1971 vel
1606 1951 1786 1972 erroneam

316 1996 559 2028 condemnare.
596 1996 639 2027 Et
674 1996 827 2039 arguitur
863 1997 957 2037 quod
994 2007 1075 2035 non,
1114 1997 1194 2037 quia
1235 1996 1473 2028 determinatio
1515 2003 1548 2028 et
1587 1998 1787 2029 constitutio

315 2065 433 2086 eorum
470 2065 559 2095 quae
595 2054 767 2096 pertinent
803 2055 846 2086 ad
883 2054 1030 2095 aliquam
1068 2054 1349 2086 communitatem
1386 2055 1558 2096 pertinent
1598 2056 1641 2086 ad
1681 2062 1787 2087 totam

315 2111 607 2151 communitatem,
634 2112 687 2144 vel
713 2112 756 2143 ad
789 2123 974 2153 personam
1008 2112 1181 2153 publicam
1212 2117 1244 2144 et
1278 2122 1496 2144 communem
1526 2124 1614 2153 quae
1651 2119 1788 2154 praeest

315 2174 349 2201 et
372 2169 547 2211 praesidet
570 2169 633 2201 toti
658 2169 903 2201 communitati.
931 2170 1000 2201 Sed
1026 2180 1066 2201 ea
1092 2180 1180 2210 quae
1214 2175 1378 2210 tanquam
1415 2170 1588 2201 haeretica
1625 2171 1787 2202 condem-

314 2227 430 2258 nanda
455 2232 536 2258 sunt
560 2227 732 2269 pertinent
757 2227 799 2258 ad
817 2233 922 2259 totam
941 2227 1221 2259 communitatem
1246 2228 1397 2259 fidelium
1417 2238 1505 2268 quae
1529 2228 1787 2260 communicant

315 2285 349 2316 in
390 2284 518 2316 unitate
554 2284 635 2316 fidei
671 2284 745 2316 Dei.
783 2285 876 2327 Ergo
916 2285 994 2316 talia
1035 2295 1105 2316 non
1141 2291 1221 2316 sunt
1256 2286 1526 2317 condemnanda
1562 2285 1626 2317 nisi
1662 2297 1680 2317 a
1717 2292 1787 2318 tota

314 2342 561 2374 communitate
585 2342 736 2373 fidelium
769 2343 821 2373 vel
847 2343 967 2373 saltem
1000 2343 1241 2384 praelatorum,
1275 2343 1387 2373 solum
1425 2343 1457 2373 in
1494 2343 1642 2375 concilio
1671 2344 1786 2385 aliquo

314 2400 358 2431 ad
382 2401 459 2439 hoc,
485 2405 521 2431 ut
545 2399 618 2432 fieri
643 2400 786 2438 solebat,
813 2406 1105 2443 congregatorum
1138 2402 1141 2441 Ι
1174 2401 1227 2431 vel
1253 2411 1272 2431 a
1297 2400 1371 2431 solo
1398 2412 1497 2441 papa.

404 2458 543 2489 Contra.
571 2458 690 2489 Plures·
717 2457 872 2499 episcopi
897 2459 963 2489 hoc
1001 2457 1140 2496 faciunt,
1167 2458 1260 2499 quod
1297 2468 1366 2489 non
1405 2458 1558 2489 facerent
1595 2458 1657 2489 nisi
1696 2465 1787 2491 esset

314 2515 452 2547 licitum.
480 2516 598 2556 Quare
624 2521 655 2546 et
681 2521 805 2547 cetera.

403 2572 599 2614 Responsio
626 2578 658 2604 et
683 2578 797 2604 cetera
823 2572 855 2603 in
881 2572 967 2604 libro
993 2572 1155 2615 magistri.

405 2680 411 2693 ¹
427 2677 570 2704 excedant
591 2678 624 2703 V.

404 2769 441 2799 tl)
462 2767 520 2795 Cfr.
536 2778 562 2804 p.
577 2769 741 2803 215‚11.‹1).

1842 2404 1905 2430 cod.
1923 2404 1947 2430 V

1809 2439 1857 2465 fol.
1872 2441 1923 2466 279
1938 2440 1978 2465 Vb
