2493 3458
729 457 943 484 SECUNDUM
973 457 1270 492 QUODLIBETUM,
1297 457 1332 491 Q.
1362 456 1386 482 X
1746 457 1794 483 139

322 558 493 579 summum
534 548 674 579 bonum.
713 547 783 579 Sed
819 547 998 579 beatitudo
1035 547 1194 579 consistit
1234 547 1269 578 in
1306 552 1384 579 actu
1420 546 1613 578 intellectus
1656 558 1727 578 non
1760 547 1794 578 in

322 611 401 637 actu
425 605 610 636 voluntatis
642 605 834 637 secundum
866 604 948 636 illud
980 604 1143 636 Iohannis
1161 606 1217 645 (1),
1253 604 1388 636 decimo
1421 604 1588 646 septimo:
1622 605 1710 635 haec
1743 610 1795 636 est

321 663 390 694 vita
429 668 570 694 aeterna
610 668 646 694 ut
682 668 899 706 cognoscant
934 668 967 693 te
989 658 1108 694 'unum
1148 663 1261 694 Deum
1302 667 1335 693 et
1378 672 1479 703 quem
1521 662 1640 693 misisti
1681 663 1792 693 Iesum

322 720 506 752 Christum.
534 720 651 761 Quare
677 726 709 752 et
730 726 853 752 cetera.

411 778 551 810 Contra.
584 779 643 809 Illa
667 778 823 820 potentia
849 784 899 809 est
925 777 1146 810 excellentior
1170 778 1203 809 in
1230 788 1298 819 qua
1333 783 1384 809 est
1415 777 1554 809 habitus
1579 777 1652 809 sive
1688 777 1793 808 virtus

322 835 550 868 excellentior.
589 836 659 868 Sed
689 836 849 867 voluntas
878 841 930 867 est
963 835 1171 874 huiusmodi,
1207 835 1286 876 quia
1320 835 1354 866 in
1383 836 1560 867 voluntate
1586 840 1638 867 est
1670 835 1793 866 caritas

321 904 410 934 quae
432 899 484 925 est
512 893 733 925 excellentior
750 905 852 934 quam
882 893 1051 935 sapientia
1077 904 1166 934 quae
1192 898 1243 925 est
1268 893 1302 924 in
1327 892 1511 925 intellectu.
1539 893 1627 924 Nam
1653 893 1792 925 ordines

321 952 523 995 angelorum
542 951 800 994 distinguuntur
825 957 857 983 et
875 951 1078 983 ordinantur
1102 951 1295 983 secundum
1313 950 1568 982 distinctionem
1587 956 1619 983 et
1637 951 1792 982 ordinem

321 1010 493 1041 donorum
519 1009 644 1050 quibus
669 1009 894 1050 perficiuntur
918 1014 950 1040 et
975 1020 994 1040 a
1012 1009 1163 1050 quibus1
1187 1008 1463 1040 denominantur.
1490 1009 1652 1040 Summus
1678 1014 1792 1040 autem

320 1067 406 1098 ordo
425 1067 627 1109 angelorum
653 1066 898 1098 denominatur
923 1067 965 1098 ab
991 1067 1113 1098 ardore
1140 1066 1289 1098 caritatis
1315 1077 1386 1098 non
1404 1072 1518 1098 autem
1544 1077 1563 1097 a
1588 1066 1792 1108 limpiditate

321 1124 635 1166 contemplationis.
663 1124 781 1165 Quare
806 1130 839 1156 et
864 1130 988 1156 cetera.

409 1183 600 1221 Praeterea,
626 1182 682 1213 illa
707 1182 861 1224 potentia
887 1187 939 1214 est
967 1182 1190 1214 excellentior
1223 1193 1312 1223 quae
1344 1182 1506 1214 omnibus
1539 1182 1611 1213 aliis
1649 1182 1792 1224 imperat

320 1245 352 1271 et
378 1251 436 1272 eas
454 1246 578 1279 movet,
597 1240 672 1282 ipsa
690 1246 803 1272 autem
822 1251 841 1271 a
858 1240 953 1272 nullo
972 1246 1130 1272 movetur
1145 1240 1156 1256 '²
1179 1251 1245 1272 nec
1270 1240 1383 1281 aliqua
1408 1240 1563 1282 potentia
1588 1240 1618 1272 ei
1637 1240 1790 1282 imperat,

319 1308 421 1338 quam
448 1309 689 1339 quaecumque
714 1298 870 1340 potentia
895 1309 984 1339 quae
1014 1299 1057 1329 ab
1086 1298 1153 1330 alio
1182 1304 1340 1330 movetur
1368 1304 1401 1330 et
1429 1299 1472 1329 ab
1501 1298 1566 1329 alia
1595 1298 1789 1340 imperatur.

319 1355 390 1387 Sed
427 1356 586 1387 voluntas
615 1362 730 1388 movet
758 1356 841 1387 alias
869 1356 1042 1397 potentias
1077 1361 1109 1387 et
1137 1356 1186 1387 eis
1212 1356 1367 1397 imperat,
1405 1361 1437 1387 et
1466 1367 1484 1387 a
1513 1356 1607 1387 nullo
1637 1361 1792 1387 movetur

319 1413 380 1445 sed
399 1424 436 1445 se
453 1413 563 1455 ipsam
581 1419 706 1452 movet,
725 1414 876 1455 alioquin
895 1413 1021 1455 periret
1039 1414 1182 1445 liberum
1200 1414 1392 1452 arbitrium3
1411 1424 1477 1446 nec
1495 1414 1608 1455 aliqua
1636 1413 1791 1456 potentia

319 1471 349 1502 ei
377 1471 521 1513 imperat
552 1471 631 1513 quia
665 1471 741 1513 ipsa
766 1472 839 1503 sola
873 1473 978 1503 habet
1004 1472 1193 1503 dominium
1219 1471 1271 1503 sui
1305 1477 1412 1504 actus.
1449 1472 1567 1512 Quare
1599 1478 1632 1503 et
1666 1477 1790 1503 cetera.

407 1529 604 1571 Responsio
629 1529 663 1560 in
688 1529 775 1561 libro
801 1529 964 1572 magistri.

899 1758 1137 1801 QUAESTIO
1163 1760 1204 1792 X.

449 1872 589 1910 Utrum
621 1872 773 1909 caritas
801 1873 882 1909 sive
911 1873 1151 1923 quicumque
1178 1872 1337 1909 habitus
1360 1874 1490 1922 possis
1517 1873 1665 1923 augeri

887 1943 964 1988 per
992 1940 1214 1976 essentiam.

404 2103 541 2136 Deinde
566 2103 656 2136 circa
681 2103 829 2135 animam
855 2109 1021 2145 quantum
1046 2104 1089 2136 ad
1106 2103 1244 2136 habitus
1271 2102 1490 2146 perficientes
1516 2105 1589 2137 eius
1614 2104 1788 2147 potentias

316 2162 571 2202 quaerebantur
600 2162 770 2203 quaedam
811 2162 1017 2204 pertinentia
1054 2162 1097 2193 ad
1133 2162 1272 2194 habitus
1311 2162 1446 2195 animae
1482 2163 1516 2194 in
1554 2164 1718 2206 generali,
1756 2170 1789 2196 et

315 2219 425 2260 primo
455 2220 684 2260 quaerebatur
719 2231 824 2251 unum
854 2219 984 2252 scilicet
1011 2225 1123 2251 utrum
1160 2220 1283 2252 caritas
1312 2220 1384 2253 sive
1411 2221 1621 2263 quicumque
1650 2222 1787 2254 habitus

315 2277 426 2318 possit
450 2277 570 2320 augeri
594 2288 656 2319 per
680 2277 876 2310 essentiam.
903 2278 946 2309 Et
974 2278 1185 2321 arguebatur
1210 2279 1304 2319 quod
1330 2278 1454 2310 caritas
1480 2279 1552 2311 sive
1578 2279 1787 2322 quicumque

314 2334 453 2366 habitus
474 2341 642 2378 augeatur
666 2346 728 2377 per
752 2336 949 2374 essentiam,
975 2335 1055 2378 quia
1080 2336 1162 2367 illud
1190 2347 1252 2377 per
1268 2336 1278 2353 ³
1302 2347 1400 2368 suam
1426 2337 1612 2369 essentiam
1641 2344 1788 2381 augetur

315 2393 409 2434 quod
434 2394 627 2425 secundum
653 2404 690 2425 se
719 2393 791 2425 sive
823 2393 857 2425 in
886 2404 923 2425 se
953 2399 1004 2425 est
1035 2394 1146 2437 magis
1175 2394 1229 2426 vel
1254 2394 1377 2433 minus,
1407 2400 1440 2426 et
1464 2406 1535 2427 non
1565 2396 1676 2427 solum
1705 2396 1787 2427 illud

314 2449 348 2482 in
381 2462 449 2492 quo
484 2456 536 2483 est
569 2450 692 2483 dicitur
719 2452 912 2483 secundum
938 2451 1046 2483 illud3
1070 2451 1180 2494 magis
1213 2452 1271 2483 et‘¹
1303 2452 1426 2484 minus.
1462 2453 1559 2485 Sed⁵
1592 2455 1785 2485 secundum

403 2607 411 2622 ¹
431 2615 447 2632 a
468 2606 581 2641 quibus]
603 2607 747 2641 aliquibus
766 2607 799 2633 V.
820 2623 852 2626 -—
873 2608 883 2622 ²
903 2616 918 2633 3
939 2623 971 2626 -—
991 2609 1134 2642 movetur]
1155 2608 1234 2634 nullo
1254 2608 1342 2634 modo
1363 2608 1392 2634 P.
1414 2624 1446 2628 -
1467 2609 1476 2624 ³
1496 2609 1566 2635 illud
1586 2618 1639 2644 per
1659 2626 1691 2628 —
1705 2610 1786 2644 illud]

313 2650 342 2676 id
362 2650 392 2676 P.
414 2666 441 2669 —
467 2652 475 2666 ⁴
495 2651 541 2677 vel
562 2651 629 2677 add.
650 2651 680 2677 P.
701 2667 733 2669 —
754 2652 764 2666 ⁵
783 2660 838 2677 om.
859 2651 889 2677 P.

401 2754 439 2785 (l)
461 2753 577 2788 Evang.
596 2754 757 2779 secundum
777 2753 846 2786 Iob„
866 2753 956 2786 XVII,
977 2756 1000 2780 3.
