2493 3458
741 414 934 454 QUARTUM
965 420 1261 455 QUODLIBETUM,
1292 422 1326 455 Q.
1356 416 1380 446 x
1741 417 1786 446 261

326 508 502 551 principiis
543 511 654 541 solum
696 510 833 541 creditis
871 511 923 541 vel
964 510 1124 551 opinatis.
1166 511 1207 541 Et
1244 511 1451 553 arguebatur
1487 510 1580 551 quod
1618 510 1676 547 sic⁷
1714 510 1793 551 quia

326 567 495 609 principia
521 567 686 598 scientiae
712 568 966 599 subalternatne
993 574 1072 598 sunt
1097 569 1206 599 solum
1233 568 1372 606 credita,
1399 568 1478 609 quia
1511 568 1544 598 in
1570 568 1624 598 illa
1650 567 1793 599 scientia

326 636 395 658 non
422 631 473 656 est
498 625 626 665 aliquid
652 625 744 666 prius
771 636 831 666 per
856 626 948 666 quod
975 631 1121 666 possunt
1146 625 1234 661 sciri,
1254 631 1286 656 et
1304 632 1418 656 tamen
1444 636 1484 656 ex
1511 625 1594 666 ipsis
1614 625 1794 656 eliciuntur

327 682 572 714 conclusiones
598 683 640 713 de
667 682 791 723 quibus
818 683 963 714 liabetur
980 689 1071 714 certa
1097 683 1251 714 scientia.
1271 683 1442 724 Principia
1470 683 1569 714 etiam
1596 683 1793 724 theologiae

328 747 407 772 sunt
432 740 561 771 credita
587 746 620 771 et
644 746 757 771 tamen
784 740 959 780 theologia
986 747 1036 771 est
1069 742 1071 780 Ι
1105 751 1184 771 vere
1211 741 1363 772 scientia.

416 798 556 829 Contra.
596 798 738 838 Propter
774 798 866 838 quod
904 798 1177 838 unumquodque
1215 804 1265 829 est
1301 799 1366 829 tale
1392 804 1424 829 et
1461 799 1540 829 illud
1578 797 1697 840 magis.
1724 797 1795 829 Sed

327 855 495 887 certitudo
532 855 767 886 conclusionis
802 861 853 886 est
889 867 930 886 ex
967 855 1170 886 certitudine
1207 855 1462 896 principiorum.
1498 856 1590 898 Ergo
1629 855 1796 896 principia

328 918 464 954 oportet
489 923 566 944 esse
592 912 736 943 certiora
761 912 997 943 conclusione.
1024 913 1140 952 Quare
1166 918 1203 951 et
1224 918 1347 944 cetera.

418 970 630 1011 Responde-0
667 969 851 1000 dicendum
885 970 978 1010 quod
1016 980 1093 1000 cum
1129 970 1274 1001 scientia
1310 970 1352 1001 sit
1388 970 1525 1001 habitus
1557 975 1671 1001 certus
1702 969 1797 1001 certi-

328 1027 447 1059 tudine
473 1027 667 1058 evidentiae
693 1033 725 1057 ct
751 1027 982 1061 adhaesionis
1003 1027 1087 1058 tides
1106 1034 1219 1058 autem
1239 1027 1281 1058 sit
1299 1028 1435 1059 habitus
1461 1033 1575 1059 certus
1593 1027 1797 1059 certitudine

329 1085 551 1116 adhaesionis
577 1096 646 1115 non
673 1084 878 1122 evidentiae,
904 1085 1024 1126 opinio
1050 1090 1164 1116 autem
1191 1091 1242 1116 est
1267 1085 1404 1116 habitus
1434 1096 1499 1117 nec
1524 1090 1638 1116 certus
1664 1084 1798 1116 certitu-

329 1143 408 1173 dine
446 1142 639 1173 evidentiae
676 1153 741 1173 nec
778 1142 1010 1177 adhaesionis„
1045 1143 1214 1173 certitudo
1252 1149 1365 1174 autem
1402 1143 1638 1174 conclusionis
1674 1149 1725 1174 est
1758 1153 1798 1173 ex

330 1200 534 1231 certitudine
575 1200 830 1241 principiorum,
868 1201 1060 1231 secundum
1103 1201 1242 1231 modum
1287 1200 1500 1232 certitudinis
1552 1200 1798 1242 principiorum

330 1258 430 1289 etiam
458 1263 509 1288 est
533 1258 657 1288 modus
684 1257 897 1288 certitudinis
923 1258 1196 1289 conclusionum.
1235 1258 1322 1289 Cum
1348 1269 1432 1298 ergo
1470 1258 1638 1299 principia
1671 1259 1800 1289 liabent

331 1315 571 1347 certitudinem
598 1315 791 1346 evidentiae
829 1321 861 1346 et
897 1315 1129 1349 ῑυὶὴῑὶθςίῖωῐς,
1164 1316 1344 1346 conclusio
1383 1326 1424 1346 ex
1461 1315 1524 1346 illis
1561 1315 1673 1347 elicita
1698 1315 1799 1347 etiam

331 1373 530 1404 huiusmodi
556 1372 794 1404 certitudinem
821 1374 934 1403 haber.
973 1373 1059 1403 Cum
1096 1384 1180 1415 ergo
1217 1373 1386 1415 principia
1419 1373 1548 1405 credita
1577 1373 1631 1405 vel
1660 1373 1801 1414 opinata

331 1441 401 1461 non
433 1431 583 1461 habeant
619 1430 857 1461 certitudinem
891 1430 1084 1462 evidentiae
1116 1441 1204 1470 quae
1236 1437 1288 1462 cst
1313 1432 1355 1463 de
1391 1431 1524 1462 ratione
1564 1430 1801 1462 conclusionis

331 1488 447 1526 scitae,
466 1487 544 1519 ideo
563 1498 604 1518 ex
630 1487 806 1529 principiis
833 1488 969 1518 creditis
986 1489 1037 1519 vel
1064 1488 1213 1529 opinatis
1238 1500 1308 1520 non
1334 1489 1519 1529 acquiritur
1541 1494 1633 1520 certa
1658 1488 1802 1520 scientia

332 1546 375 1577 de
407 1545 645 1576 conclusione.
682 1545 756 1576 Nec
790 1550 840 1576 est
874 1545 1065 1576 differentia
1090 1545 1122 1576 in
1157 1546 1225 1577 hoc
1254 1546 1340 1577 inter
1376 1546 1543 1587 principia
1573 1557 1718 1587 quorum
1751 1551 1803 1577 est

332 1602 469 1634 habitus
494 1602 573 1634 fidei
600 1608 632 1634 et
657 1602 842 1644 opinionis,
864 1602 943 1643 quic!
965 1603 1049 1633 sicut
1068 1603 1073 1619 ¹
1100 1603 1269 1644 principia
1290 1614 1435 1644 quorum
1457 1610 1508 1635 est
1528 1603 1646 1645 opinio
1671 1609 1802 1634 tantum

332 1671 402 1691 non
435 1660 566 1692 faciunt
598 1660 663 1691 nisi
692 1660 892 1701 opinionem
925 1666 957 1692 et
985 1671 1055 1691 non
1086 1661 1265 1692 scientiam
1295 1662 1337 1693 de
1366 1661 1602 1700 conclusione,
1632 1661 1677 1692 ita
1702 1661 1803 1692 etiam

333 1717 503 1760 principia
534 1728 680 1759 quorum
713 1723 844 1749 tantum
878 1724 929 1749 est
954 1718 1040 1749 fides
1072 1724 1230 1759 respectu
1265 1719 1501 1750 conclusionis
1535 1730 1623 1760 quae
1651 1730 1691 1751 ex
1720 1719 1804 1760 ipsis

334 1775 466 1807 elicitur
501 1786 571 1807 non
610 1776 740 1807 faciunt
775 1775 840 1806 nisi
876 1776 989 1807 tidem.
1027 1776 1097 1807 Sed
1134 1776 1167 1807 in
1201 1782 1367 1817 quantum
1403 1777 1511 1808 maior
1549 1783 1599 1808 est
1636 1777 1804 1808 certitudo

334 1833 414 1865 fidei
450 1844 552 1874 quam
593 1833 778 1875 opinionis,
810 1833 917 1865 maior
957 1833 1057 1864 etiam
1099 1840 1150 1865 est
1190 1834 1358 1865 certitudo
1399 1834 1633 1865 conclusi‹t›nis
1672 1834 1805 1866 elicitae

335 1902 376 1922 ex
401 1891 550 1929 creditis,
576 1897 612 1922 ut
648 1901 740 1922 nunc
774 1891 816 1922 de
853 1891 1053 1923 credulitate
1087 1892 1266 1932 loquimur,
1300 1903 1401 1932 quam
1435 1903 1475 1923 ex
1507 1892 1667 1933 opinatis,
1705 1898 1806 1933 prout

336 1948 417 1980 dicit
441 1949 547 1991 Hugo
567 1951 633 1988 (1):
660 1948 747 1980 fides
784 1954 835 1979 est
861 1948 947 1979 infra
984 1949 1163 1980 scientiam
1200 1955 1232 1980 et
1263 1960 1366 1991 supra
1401 1949 1612 1991 opinionem,
1646 1960 1687 1981 eo
1713 1951 1806 1990 quod

335 2006 454 2047 opinio
487 2012 631 2047 utraque
670 2006 874 2038 certitudine
915 2012 1017 2044 caret,
1059 2007 1202 2038 scientia
1242 2017 1323 2038 vero
1362 2013 1542 2048 utramque
1582 2008 1694 2038 habet.
1737 2008 1807 2039 Sed

336 2063 422 2095 fides
447 2064 552 2095 habet
584 2064 823 2095 certitudinem
857 2064 1080 2095 adhaesionis
1114 2070 1145 2095 et
1176 2070 1269 2095 caret
1302 2065 1505 2096 certitudine
1537 2065 1739 2096 evidentiae.
1767 2066 1808 2096 Et

336 2121 416 2153 ideo
457 2121 546 2152 sicut
586 2121 780 2153 irrationale
821 2127 873 2153 est
912 2122 1026 2153 dicere
1066 2123 1159 2162 quod
1201 2133 1241 2153 ex
1282 2122 1459 2164 principiis
1500 2123 1610 2154 solum
1658 2123 1808 2164 opinatis

337 2179 523 2220 acquiritur
547 2184 639 2210 certa
672 2179 815 2210 scientia
853 2179 1117 2210 conclusionum
1151 2190 1191 2211 ex
1222 2180 1306 2221 ipsis
1338 2180 1535 2215 elicitarum,
1571 2181 1614 2211 ita
1644 2181 1745 2211 etiam
1775 2181 1807 2211 in

338 2236 517 2278 proposito
544 2247 585 2268 ex
610 2236 787 2278 principiis
813 2237 960 2268 creditis.

430 2393 434 2406 ¹
457 2392 524 2426 quiri
546 2392 630 2425 sicut]
655 2391 722 2426 quin
744 2392 800 2418 sint
822 2392 854 2417 V.

429 2495 465 2528 (1)
487 2494 649 2528 Hugonis
670 2503 685 2519 a
706 2494 740 2520 S.
761 2494 906 2519 Victore
930 2494 1071 2519 Summae
1090 2494 1306 2520 sententiarum
1328 2498 1409 2521 tract.
1430 2495 1451 2525 Ι,
1472 2504 1495 2521 c.
1518 2497 1529 2521 1
1553 2495 1594 2527 (Ρ.
1616 2495 1654 2527 L.7
1675 2496 1731 2521 vol.
1754 2497 1811 2528 17⁴3,

340 2537 394 2563 col.
407 2539 452 2569 43)
469 2546 474 2563 2
490 2548 501 2562 «
517 2538 604 2563 Fides
626 2542 669 2563 est
690 2538 853 2563 voluntaria
874 2537 1018 2564 certitudo
1039 2538 1202 2563 absentium
1223 2547 1310 2572 supra
1331 2539 1497 2572 opinionem
1519 2543 1547 2564 et
1568 2539 1641 2565 infra
1660 2540 1811 2565 scientiam

339 2581 505 2607 constituta.
520 2593 530 2605 »
554 2581 612 2607 Cfr.
627 2582 756 2607 eiusdem
773 2582 805 2611 (ἕ)
828 2582 974 2616 Apologia
988 2582 1023 2607 de
1042 2581 1132 2607 Verbo
1147 2582 1306 2607 incarnato
1321 2582 1387 2608 init.
1403 2583 1445 2611 (P.
1460 2583 1499 2614 L.‚
1514 2583 1570 2608 vol.
1587 2585 1644 2613 177,
1661 2584 1714 2609 col.
1729 2586 1791 2613 295)
1808 2593 1812 2609 :

342 2624 454 2650 «Fides
469 2629 513 2650 est
527 2625 672 2650 certitudo
693 2634 786 2650 rerum
808 2625 995 2650 invisibilium
1011 2625 1046 2650 ad
1061 2625 1232 2659 religionem
1253 2625 1468 2659 pertinentium,
1489 2635 1575 2661 supra
1597 2627 1764 2660 opinionem
1785 2632 1814 2653 et

339 2668 415 2694 infra
435 2668 587 2694 scientiam
608 2669 775 2695 constituta.
799 2680 809 2692 »

1696 2708 1729 2732 31

1852 725 1916 751 cod.
1931 725 1955 750 V

1817 761 1866 787 sol.
1880 762 1931 786 285
1946 760 1987 785 Rb
