2493 3458
703 415 755 439 220
1068 413 1257 439 MAGISTRI
1288 412 1506 440 GODEFRIDI
1537 414 1587 440 Dii
1617 412 1814 440 l-*ONTlsst'S

703 522 858 558 tempore
899 515 1100 557 posteriore,
1142 516 1253 547 minus
1294 517 1351 548 det
1391 527 1492 558 quam
1531 516 1558 548 si
1598 523 1721 558 postea
1756 518 1915 556 solveret,
1946 517 2174 550 committeret

703 584 853 611 usuram,
880 579 915 604 ut
941 579 1033 615 patet
1059 573 1091 604 in
1118 573 1290 605 locatione
1316 574 1498 605 domorum
1525 580 1557 606 vt
1582 574 1790 606 huiusmodi.

792 631 940 662 Primum
969 631 1109 662 istorum
1136 643 1177 662 ex
1213 643 1283 672 quo
1309 631 1410 663 etiam
1435 631 1590 673 sequitur
1621 632 1825 670 secundum,
1859 638 1952 674 patet
1988 644 2048 675 per
2084 632 2174 665 illam

704 689 910 720 decretalem
946 689 1045 720 Extra
1082 689 1124 720 de
1162 689 1283 726 usuris,
1317 689 1501 721 Consuluit
1530 691 1586 725 (1),
1621 689 1678 720 ubi
1715 689 1859 722 dicitur:
1897 690 2072 722 consuluit
2108 701 2174 722 nos

704 752 761 778 tua
786 747 926 778 devotio
952 758 994 777 am
1032 747 1084 778 ille
1121 746 1153 778 in
1187 746 1314 778 iudicio
1347 746 1536 778 animarum
1572 747 1747 778 usurarius
1780 748 1906 779 debeat
1943 747 2084 780 iudicari
2117 747 2174 790 qui

704 815 836 836 merces
869 815 950 836 suas
977 804 1082 845 longe
1107 804 1235 835 maiore
1262 804 1371 846 pretio
1403 804 1560 836 distrahit
1585 805 1611 836 si
1653 805 1696 836 ad
1728 805 1938 837 solutionem
1978 805 2173 838 faciendam

704 862 823 904 prolixi
856 862 1022 903 temporis
1062 862 1178 894 ‹lilatio
1215 868 1422 903 prorogetur
1453 873 1554 903 quam
1596 862 1622 894 si
1664 862 1693 894 ei
1731 862 1763 894 in
1805 863 1996 895 continenti
2029 863 2175 905 pretium

704 920 927 961 persolvatur.
956 920 995 951 lit
1032 919 1138 951 infra:
1176 920 1251 951 talis
1289 919 1495 952 iudicandus
1531 927 1582 952 est
1609 921 1696 952 male
1729 931 1833 963 agere
1867 927 1899 952 et
1930 921 1973 952 ad
2010 931 2050 953 ea
2087 931 2175 963 quae

703 977 814 1009 taliter
839 983 918 1009 sunt
936 983 1080 1019 accepta
1103 977 1314 1009 restituenda
1336 977 1368 1009 in
1388 977 1577 1009 animarum
1597 977 1723 1009 iudicio
1742 978 1926 1010 efficaciter
1944 978 2174 1010 inducendus.

705 1034 741 1066 Si
767 1040 880 1067 autem
906 1035 1029 1076 aliquis
1054 1036 1180 1067 habeat
1205 1046 1275 1067 rem
1301 1046 1389 1077 quae
1415 1035 1528 1067 statim
1553 1035 1654 1068 vendi
1691 1036 1802 1077 possit
1828 1035 1878 1068 sic
1909 1036 2003 1078 quod
2029 1036 2177 1068 totaliter

704 1093 928 1125 transferatur
953 1093 987 1124 in
1012 1098 1201 1135 emptorem
1227 1093 1391 1134 quicquid
1427 1093 1469 1125 de
1505 1093 1560 1124 illa
1597 1100 1710 1135 potest
1735 1104 1754 1125 a
1785 1094 1958 1126 vendente
1991 1093 2175 1133 transferri,

705 1157 823 1194 utpote
848 1151 987 1183 bladum
1014 1151 1067 1183 vel
1093 1150 1208 1182 vinum
1235 1151 1299 1182 iam
1326 1151 1359 1182 in
1392 1151 1516 1183 horreo
1553 1151 1605 1182 vel
1631 1151 1770 1183 cellario
1796 1151 2028 1190 recollectum,
2056 1157 2089 1183 et
2114 1162 2177 1194 pro

704 1209 830 1251 quibus
862 1209 1007 1251 pretium
1034 1208 1215 1240 consuevit
1241 1208 1313 1240 dari
1346 1208 1378 1240 in
1412 1208 1604 1240 continenti
1641 1219 1718 1240 cum
1756 1208 1925 1247 venditur,
1950 1209 1978 1241 si
2010 1209 2086 1241 talis
2122 1220 2177 1242 res

705 1266 888 1299 consuevit
928 1267 1005 1308 plus
1045 1273 1078 1299 et
1114 1266 1226 1297 minus
1260 1266 1372 1298 valere
1413 1267 1605 1298 seeundum
1643 1266 1875 1299 diversitatem
1908 1273 2100 1309 temporum
2131 1270 2178 1307 (et

705 1325 784 1357 ideo
820 1324 924 1366 aliqui
960 1330 1122 1366 potentes
1149 1324 1325 1356 custodire
1356 1324 1557 1356 custodiunt
1586 1324 1675 1355 illam
1709 1335 1820 1366 usque
1856 1325 1899 1356 ad
1935 1330 2072 1367 tempus
2109 1335 2178 1367 quo

705 1383 792 1415 solet
840 1383 917 1425 plus
957 1382 1091 1417 valere:
1140 1381 1337 1424 indigentes
1380 1392 1462 1413 vero
1510 1382 1666 1414 vendunt
1707 1382 1799 1424 prius
1844 1383 2036 1414 secundum
2084 1383 2178 1424 quod

705 1440 898 1483 indigentia
923 1440 1199 1482 compelluntur),
1228 1460 1265 1461 ‘j
1292 1446 1375 1471 tunc
1400 1439 1427 1471 si
1453 1439 1551 1471 dives
1576 1441 1710 1471 habens
1735 1439 1932 1472 huiusmodi
1957 1450 2039 1480 rem,
2058 1446 2178 1483 utpote

706 1499 916 1530 frumentum
958 1497 991 1529 in
1028 1497 1199 1539 principio
1234 1497 1366 1535 hiemis,
1403 1508 1481 1529 cum
1518 1498 1607 1529 solet
1643 1498 1757 1530 valere
1791 1498 1911 1530 decem
1944 1498 2086 1537 solidos,
2124 1499 2178 1531 vel

705 1555 864 1594 triticum,
890 1556 984 1597 quod
1010 1567 1079 1587 non
1106 1555 1253 1587 intendit
1279 1555 1432 1587 vendere
1460 1561 1540 1587 ante
1566 1555 1771 1598 principium
1797 1555 1962 1599 Augusti,
1987 1566 2066 1588 cum
2092 1556 2181 1588 solet

705 1614 819 1646 valere
845 1613 1030 1646 duodecim
1048 1613 1180 1645 solidos
1200 1613 1266 1654 [vel
1291 1613 1462 1654 triticum],
1483 1619 1516 1645 et
1534 1613 1613 1645 velit
1631 1613 1753 1654 aliquis
1774 1624 1844 1645 non
1867 1614 2001 1645 habens
2024 1619 2178 1656 paratam

705 1671 887 1714 pecuniam
914 1677 947 1703 et
975 1671 1138 1714 indigens
1165 1671 1337 1702 frumento
1363 1682 1426 1713 pro
1451 1678 1606 1713 tempore
1643 1670 1831 1712 praedicto,
1861 1671 1992 1703 scilicet
2024 1671 2058 1703 in
2089 1671 2179 1714 prin-

705 1729 798 1771 cipio
830 1729 963 1767 hiemis,
997 1739 1111 1761 emere
1144 1729 1187 1760 ab
1221 1728 1277 1760 illo
1312 1729 1530 1767 frumentum,
1563 1748 1603 1751 —
1633 1728 1768 1760 videtur
1800 1729 1895 1770 quod
1930 1728 2021 1761 licite
2053 1728 2179 1771 poterit

704 1787 855 1819 vendere
884 1786 997 1818 carius
1022 1798 1125 1828 quam
1152 1787 1262 1818 valeat
1292 1793 1446 1828 tempore
1476 1786 1686 1819 venditionis
1711 1786 1783 1818 sive
1808 1786 1842 1818 in
1871 1792 2026 1828 tempore
2051 1786 2086 1818 in
2109 1797 2179 1828 quo

705 1845 832 1883 vendit,
859 1845 939 1876 dum
965 1850 1081 1876 tamen
1099 1855 1169 1876 non
1195 1845 1323 1876 vendat
1348 1844 1460 1876 carius
1486 1855 1589 1886 quam
1615 1843 1834 1876 communius
1859 1844 1973 1876 valere
1998 1843 2180 1876 consuevit

705 1908 860 1944 tempore
895 1902 1088 1940 solutionis,
1118 1902 1249 1934 scilicet
1284 1908 1440 1943 tempore
1476 1912 1539 1943 pro
1572 1913 1641 1943 quo
1667 1901 1794 1941 vendit,
1831 1907 1868 1933 ut
1897 1912 1960 1944 pro
1993 1901 2178 1934 duodecim

704 1960 824 1992 solidis
849 1961 902 1992 vel
928 1971 1047 2002 parum
1074 1960 1150 2001 plus
1169 1960 1221 1991 vel
1247 1959 1370 1995 minus
1392 1959 1437 1991 ita
1461 1966 1576 1992 tamen
1601 1959 1696 2001 quod
1721 1970 1792 1991 non
1818 1959 1958 1991 recedat
1982 1959 2179 1992 notabiliter

705 2029 724 2050 a
754 2018 869 2050 medio
901 2018 1093 2050 secundum
1131 2028 1349 2049 communem
1384 2017 1673 2049 consuetudinem
1699 2017 1927 2049 aestimando.
1966 2016 2062 2049 Licet
2086 2016 2178 2050 enim

702 2075 888 2117 unicuique
913 2075 959 2108 rei
981 2086 1080 2107 suum
1099 2075 1245 2117 pretium
1264 2075 1442 2116 imponere
1467 2080 1567 2117 prout
1584 2075 1664 2113 vult,
1691 2075 1772 2106 dum
1798 2080 1913 2107 tamen
1938 2085 2011 2106 non
2033 2075 2179 2107 excedat

703 2133 898 2166 notabiliter
922 2133 1067 2175 pretium
1093 2133 1186 2174 quod
1213 2133 1300 2164 solet
1325 2132 1554 2164 communiter
1578 2132 1818 2164 aestimatione
1842 2132 1895 2164 vel
1921 2131 2178 2164 consuetudine

702 2191 815 2230 statui,
840 2197 874 2223 et
904 2192 972 2223 hoc
996 2191 1127 2223 scilicet
1159 2191 1253 2232 quod
1287 2200 1380 2222 nunc
1413 2190 1541 2222 dictum
1573 2196 1626 2222 est
1658 2190 1701 2222 de
1734 2189 1866 2222 cariore
1899 2189 2099 2222 venditione
2127 2188 2179 2221 rei

703 2260 806 2291 quam
838 2250 951 2281 valeat
982 2255 1137 2290 tempore
1171 2247 1392 2286 venditionis,
1425 2247 1621 2280 confirmari
1654 2254 1778 2290 potest.
1817 2247 1909 2288 Quia
1940 2248 2009 2280 hoc
2043 2247 2180 2279 videtur

703 2307 818 2339 dicere
858 2307 913 2338 illa
952 2305 1135 2339 decretalis
1172 2306 1284 2344 Extra,
1325 2305 1509 2348 capitulo:
1548 2305 1582 2337 in
1615 2305 1752 2337 civitate
1787 2311 1845 2336 tua
1871 2307 1917 2345 (2)
1950 2304 2036 2337 dieis
2071 2314 2178 2347 saepe

704 2364 907 2408 contingere
947 2364 1042 2406 quod
1082 2363 1220 2405 quidam
1262 2374 1395 2395 merces
1434 2363 1566 2404 aliquas
1599 2368 1806 2404 comparant
1845 2373 1935 2404 quae
1974 2368 2057 2394 tunc
2091 2362 2182 2394 ultra·

703 2422 857 2464 quinque
881 2422 985 2453 libras
1017 2432 1089 2453 non
1114 2422 1230 2453 valent
1262 2427 1295 2453 et
1331 2420 1533 2463 promittunt
1569 2431 1606 2453 se
1639 2431 1700 2452 sex
1732 2421 1837 2452 libras
1871 2426 2000 2452 statuto
2030 2419 2178 2452 termino

704 2481 890 2519 soluturos,
915 2486 949 2512 et
973 2479 1019 2511 ita
1051 2479 1250 2511 venditores
1282 2485 1464 2520 peccatum
1497 2478 1677 2511 incurrunt
1704 2477 1770 2510 nisi
1799 2477 1942 2510 dubium
1974 2477 2017 2509 sit
2044 2487 2179 2509 merces

703 2537 780 2570 illos
812 2538 889 2580 plus
920 2538 975 2570 vel
1010 2537 1124 2568 minus
1156 2536 1339 2568 solutionis
1371 2542 1526 2578 tempore
1550 2536 1723 2568 valituras.
1750 2535 1829 2567 Hoc
1856 2535 1948 2567 idem
1981 2534 2178 2578 expressius

794 2712 832 2745 (1)
854 2719 877 2738 c.
899 2712 939 2737 10.
959 2709 993 2736 X.
1014 2709 1051 2736 de
1070 2718 1146 2736 usur.
1167 2709 1200 2736 V.
1222 2711 1262 2736 19.
1277 2725 1310 2728 -
1331 2711 1369 2742 (2)
1385 2718 1408 2736 c.
1429 2710 1453 2736 ϋ.
1474 2708 1539 2736 eod.
