2493 3458
743 430 957 457 SECUNDUM
987 431 1284 465 QUODLIBETUM⁷
1314 431 1349 465 Q.
1379 432 1390 456 Ι
1769 432 1801 456 47

336 522 507 554 redundet
532 520 659 561 aliquid
683 520 814 563 gloriae
831 519 865 550 in
891 520 1037 550 animam
1063 520 1164 558 beati,
1191 519 1270 560 quia
1294 525 1409 550 tamen
1434 529 1499 550 nec
1525 519 1638 550 anima
1662 520 1801 551 modum

337 579 475 611 videndi
506 589 574 619 quo
599 578 692 609 videt
718 578 830 609 Deum
860 578 990 618 absque
1025 578 1265 618 phantasmate
1295 587 1360 607 nec
1394 576 1495 607 etiam
1530 576 1673 619 gloriam
1700 588 1801 617 quam

337 642 416 668 nata
438 637 644 673 esthabere,
670 640 785 676 potest
808 634 853 665 ita
876 635 1027 675 perfecte
1052 636 1181 666 habere
1202 634 1228 665 si
1247 644 1318 665 non
1343 635 1470 665 habeat
1494 634 1646 675 perfecte.
1665 644 1801 666 omnem

336 695 477 725 modum
502 698 645 724 naturae
668 703 751 723 suae
776 692 864 723 sicut
889 692 916 722 si
942 693 1008 723 hoc
1033 688 1320 733 habeat'(quanto
1347 691 1437 723 enim
1463 691 1590 732 aliquid
1617 692 1802 732 perfectius

336 752 462 783 habeat
487 751 627 782 modum
652 756 795 781 naturae
821 760 903 780 suae
928 755 1023 781 tanto
1053 750 1239 790 perfectius
1265 754 1379 791 potest
1407 750 1535 781 habere
1565 749 1802 790 operationem

336 809 399 841 sibi
428 808 692 840 convenientem
717 818 722 843 ς
760 807 872 838 anima
901 813 1015 838 autem
1045 818 1116 838 non
1146 813 1197 838 est
1226 818 1288 838 ens
1324 807 1515 838 secundum
1545 818 1582 837 se
1612 807 1802 848 perfectum

336 866 477 898 omnino
518 871 550 897 et
590 876 727 896 omnem
767 865 908 896 modum
948 864 1171 905 perfectionis
1207 875 1290 896 suae
1329 864 1493 895 naturalis
1533 865 1726 895 secundum
1766 875 1803 895 se

335 925 479 962 habens,
509 923 588 964 quia
626 928 677 954 est
713 933 792 963 pars
824 928 966 953 naturae
999 922 1212 963 compositae
1242 933 1282 953 ex
1311 922 1423 953 anima
1463 927 1495 953 et
1527 932 1695 963 corpore:
1722 932 1804 952 una-

336 992 494 1023 quaeque
519 991 597 1022 pars
626 986 740 1012 autem
762 980 770 996 ¹
799 980 904 1011 habet
928 979 1113 1021 perfectius
1142 990 1221 1011 esse
1249 980 1281 1010 in
1307 985 1380 1011 toto
1409 991 1510 1020 quam
1537 980 1729 1011 secundum
1756 990 1803 1017 se⁷

336 1039 415 1080 quia
447 1038 549 1070 etiarn
568 1038 579 1054 2
610 1044 719 1069 totum
749 1043 801 1069 est
829 1038 1005 1079 quoddam
1035 1048 1097 1069 ens
1127 1042 1205 1068 actu
1233 1038 1424 1078 perfectum
1454 1048 1494 1069 ex
1523 1037 1677 1078 partibus
1706 1037 1804 1078 quasi

335 1096 545 1138 imperfectis
571 1097 674 1127 rebus
700 1095 950 1135 constitutum),
980 1115 1014 1117 —
1043 1100 1076 1126 et
1100 1095 1179 1126 ideo
1206 1095 1444 1136 operationem
1473 1094 1582 1135 ipsam
1612 1095 1804 1126 secundum

335 1164 437 1195 quam
470 1159 521 1186 est
552 1154 652 1185 beata
683 1159 715 1184 et
743 1153 853 1194 ipsam
888 1152 1031 1195 gloriam
1061 1163 1128 1193 qua
1157 1153 1200 1183 ad
1229 1153 1319 1183 hanc
1349 1152 1586 1193 operationem
1615 1153 1803 1193 perfectam

336 1212 489 1243 elevatur
516 1211 571 1243 vel
590 1211 600 1227 ³
629 1210 823 1252 disponitur
853 1210 1037 1252 perfectius
1066 1211 1171 1241 habet
1197 1210 1292 1241 unita
1321 1210 1458 1251 corpori
1483 1221 1585 1251 quam
1611 1211 1803 1241 secundum

335 1280 372 1301 se
391 1269 402 1285 4
441 1275 600 1311 separata
633 1268 804 1302 existens:
846 1274 878 1299 et
917 1268 995 1299 licet
1037 1274 1195 1299 neutrum
1235 1269 1358 1299 horum
1378 1268 1389 1283 ⁵
1426 1269 1553 1299 habeat
1592 1267 1721 1299 directe
1764 1278 1805 1298 ex

335 1337 491 1368 corpore,
517 1328 585 1358 hoc
610 1332 724 1358 tamen
750 1327 854 1357 habet
880 1326 913 1357 in
939 1326 1015 1367 ipso
1041 1336 1186 1367 corpore
1208 1331 1240 1357 et
1265 1331 1388 1357 cetera.

424 1385 502 1416 Hoc
520 1385 621 1416 etiam
633 1384 644 1400 ὃ
661 1390 712 1415 est
729 1390 849 1415 contra
867 1383 1101 1426 Augustinum
1117 1385 1161 1421 (1)
1181 1383 1390 1415 duodecimo
1409 1394 1513 1424 super
1530 1383 1695 1414 Genesim
1713 1382 1804 1424 capi-

335 1443 416 1481 tulo,
436 1443 545 1484 primo
566 1442 623 1484 qui
646 1448 830 1484 postquam
856 1441 1026 1482 quaesivit
1051 1441 1133 1482 quid
1159 1452 1247 1483 opus
1269 1441 1311 1472 sit
1336 1441 1511 1482 spiritibus
1527 1440 1536 1456 ⁷
1562 1441 1804 1472 defunctorum

335 1511 482 1542 corpora
507 1511 570 1531 sua
594 1500 627 1531 in
653 1499 906 1531 resurrectione
931 1499 1095 1540 recipere,
1122 1499 1150 1530 si
1174 1504 1289 1540 potest
1314 1499 1362 1530 eis
1388 1498 1489 1530 etiam
1507 1498 1582 1529 sine
1600 1498 1804 1540 corporibus

335 1568 469 1589 summa
484 1557 540 1588 illa
557 1557 735 1589 beatitudo
760 1557 928 1598 praeberi,
954 1557 1144 1597 respondet
1169 1556 1311 1588 dicens:
1338 1556 1476 1587 minime
1501 1555 1643 1587 dubium
1660 1555 1671 1571 8
1696 1561 1747 1587 est
1772 1561 1805 1587 et

334 1621 467 1657 raptam
492 1615 641 1646 hominis
667 1620 816 1646 mentem
834 1614 844 1629 ⁹
868 1626 887 1645 a
912 1614 1025 1646 carnis
1044 1614 1205 1645 sensibus
1224 1619 1257 1645 et
1274 1619 1353 1655 post
1369 1618 1513 1645 mortem
1531 1613 1641 1655 ipsam
1659 1613 1683 1629 ¹⁰
1700 1624 1804 1644 carne

335 1672 494 1715 deposita
512 1673 544 1712 ¹¹,
574 1673 784 1704 transcensis
814 1672 914 1703 etiam
940 1671 1219 1703 similitudinibus
1245 1671 1485 1713 corporalium,
1514 1682 1585 1703 non
1614 1671 1664 1702 sic
1688 1671 1805 1703 videre

334 1742 440 1773 posse
457 1730 773 1762 incommutabilem
793 1730 1020 1761 substantiam
1039 1735 1074 1761 ut
1092 1729 1201 1761 sancti
1227 1729 1341 1772 angeli
1366 1729 1495 1768 vident,
1514 1729 1585 1761 sive
1611 1729 1676 1760 alia
1700 1729 1805 1760 laten-

334 1789 419 1820 tiore
449 1799 564 1827 causa⁷
595 1788 667 1819 sive
696 1788 775 1820 ideo
809 1788 887 1829 quia
920 1788 1009 1819 inest
1041 1788 1071 1819 ei
1103 1787 1242 1828 quidam
1275 1787 1449 1828 appetitus
1481 1787 1644 1818 naturalis
1678 1797 1805 1828 corpus

335 1846 597 1878 administrandi
622 1857 691 1887 quo
717 1846 872 1887 appetitu
898 1845 1130 1877 1611111111111112
1159 1845 1419 1886 quodammodo
1444 1856 1488 1876 ne
1513 1850 1585 1876 tota
1614 1844 1805 1876 intentione

334 1909 456 1947 pergat
472 1904 507 1935 in
524 1903 606 1935 illud
631 1904 763 1935 caelum
789 1914 959 1935 summum
992 1903 1156 1944 quamdiu
1182 1913 1253 1934 non
1278 1904 1398 1934 subest
1423 1913 1549 1944 Corpus
1575 1902 1674 1933 cuius
1701 1902 1805 1933 admi-

334 1962 536 1993 nistratione
569 1961 742 2003 appetitus
779 1961 832 1992 ille
866 1961 1092 2002 conquiescat
1110 1961 1142 1991 ¹³³.
1176 1961 1218 1991 Et
1251 1960 1338 1991 infra
1371 1961 1539 1999 secundo,
1573 1960 1724 2001 capitulo
1738 1961 1805 1999 (2):

334 2020 480 2061 proinde
508 2030 587 2051 cum
616 2030 743 2061 corpus
771 2030 842 2050 non
872 2019 938 2050 iam
967 2019 1114 2050 animale
1144 2019 1206 2050 sed
1234 2029 1295 2060 per
1322 2019 1471 2049 futuram
1501 2017 1806 2049 commutationem

335 2077 486 2119 spiritale
522 2077 699 2119 receperit,
737 2077 868 2120 angelis
905 2077 1098 2118 adaequata
1134 2077 1325 2118 perfectum
1361 2075 1502 2107 habebit
1537 2082 1680 2107 naturae
1723 2086 1806 2106 suae

334 2136 485 2173 modum,
505 2135 697 2167 oboediens
715 2141 748 2166 et
772 2135 956 2176 imperans,
977 2134 1148 2166 vivificata
1173 2140 1206 2165 et
1229 2134 1408 2165 vivificans
1434 2144 1511 2165 cum
1538 2133 1701 2165 ineffabili
1727 2133 1806 2165 faci-

333 2193 426 2225 litate
444 2199 480 2225 ut
505 2193 547 2224 sit
572 2193 602 2225 ei
619 2193 750 2236 gloriae
768 2194 862 2234 quod
884 2193 1040 2224 sarcinae
1062 2192 1133 2223 fuit.

422 2251 472 2282 Ex
492 2251 670 2293 praedicta
688 2262 772 2294 ergo
789 2251 921 2282 ratione
940 2256 973 2282 et
991 2262 1032 2282 ex
1049 2252 1115 2282 hac
1133 2250 1320 2293 Augustini
1338 2249 1541 2281 auctoritate
1560 2250 1649 2281 bene
1668 2249 1805 2281 conclu-

334 2309 420 2340 dunt
455 2309 594 2350 quidam
626 2309 660 2340 in
693 2309 828 2350 scriptis
858 2308 939 2347 suis,
969 2314 1071 2350 prout
1099 2308 1200 2340 etiam
1233 2308 1461 2339 communiter
1475 2309 1520 2348 (3)
1551 2307 1683 2345 (licitur,
1713 2307 1806 2348 quod

332 2367 510 2408 loquendo
539 2366 746 2409 generaliter
774 2367 816 2398 de
846 2366 959 2397 anima
988 2366 1171 2397 cuiuslibet
1199 2365 1349 2397 hominis
1379 2366 1422 2396 ad
1453 2366 1522 2397 hoc
1554 2365 1648 2406 quod
1680 2365 1807 2395 habeat

425 2510 431 2523 ¹
447 2517 501 2534 om.
516 2509 546 2534 P.
561 2524 593 2527 —-
614 2509 624 2523 ²
638 2512 666 2534 et
681 2509 713 2534 V.
729 2525 760 2527 —
782 2509 792 2523 ⁸
806 2512 834 2534 et
850 2509 880 2534 P.
895 2524 927 2527 —
943 2510 951 2523 ⁴
966 2517 1019 2534 om.
1035 2509 1064 2534 Ρ.
1081 2524 1112 2526 -
1129 2509 1138 2522 ⁵
1158 2516 1257 2533 eorum
1279 2507 1307 2532 P.
1324 2523 1351 2525 —
1370 2507 1380 2521 ¹³
1393 2515 1447 2531 om.
1463 2507 1492 2532 P.
1514 2522 1545 2524 —
1568 2507 1576 2520 ⁷
1595 2505 1727 2540 spiritum
1743 2505 1806 2531 PV.

334 2568 367 2571 —-
382 2553 391 2567 Β
404 2552 569 2579 hominibus
583 2553 650 2578 add.
665 2553 695 2578 P.
716 2568 748 2571 —
764 2553 773 2567 ⁰
792 2552 917 2578 hominis
931 2553 1067 2585 mentem]
1089 2555 1216 2577 mentem
1231 2550 1354 2576 hominis
1369 2551 1398 2575 P.
1414 2566 1445 2569 -—
1463 2551 1482 2565 ¹0
1496 2550 1574 2576 illam
1589 2550 1618 2575 P.
1634 2565 1666 2568 ἡ
1684 2551 1702 2564 ¹¹
1717 2549 1806 2584 depo-

334 2596 419 2622 sitam
434 2596 463 2622 P.
479 2612 511 2615 -
528 2597 548 2611 ¹²
561 2596 700 2622 reddatur
714 2596 743 2622 P.
759 2612 791 2615 —-
808 2596 827 2611 ¹⁸
842 2596 980 2630 quamdiu
995 2612 1026 2614 —
1042 2595 1241 2629 conquiescat]
1257 2604 1311 2620 om.
1326 2595 1356 2620 P.

424 2687 461 2717 (1)
477 2685 667 2720 Augustini
682 2685 726 2710 De
742 2685 857 2716 Genesi,
871 2685 887 2710 l.
902 2685 965 2717 XII,
982 2693 1005 2710 c.
1021 2684 1109 2719 352(P.
1125 2684 1164 2716 L.7
1179 2684 1235 2710 vol.
1249 2685 1292 2716 34,
1307 2684 1361 2709 col.
1375 2684 1448 2715 483).
1462 2698 1495 2701 —
1511 2684 1549 2715 (2)
1565 2682 1639 2707 Ibid.
1652 2681 1718 2710 (col.
1733 2683 1806 2714 484),

335 2745 367 2748 —
382 2730 421 2761 (3)
436 2728 480 2755 Cf.
495 2729 644 2755 Thomas
658 2728 830 2763 Aquinas,
846 2728 972 2754 Summa
991 2728 1092 2760 Theol„
1109 2729 1139 2754 la
1152 2730 1207 2760 222,
1222 2736 1247 2762 q.
1263 2728 1310 2760 IV,
1324 2728 1349 2760 5,
1364 2727 1393 2752 in
1407 2735 1486 2761 corp.
1501 2730 1529 2752 et
1544 2726 1580 2752 ad
1594 2727 1641 2751 5¹¹¹.
