2493 3458
584 799 1112 849 QUODLIBETUM
1169 801 1524 852 QUARTUM

908 951 1222 985 QL'AESTIOI

976 1030 1138 1055 omnm&

459 1122 565 1148 strum
593 1122 623 1147 ιἰι
652 1122 713 1147 Deo
737 1123 777 1147 sit
798 1124 926 1157 propriu
953 1124 1020 1149 idea
1046 1126 1074 1149 et
1099 1125 1227 1150 discrez‘a
1253 1127 1383 1159 respectu
1410 1125 1577 1159 singularis
1598 1127 1645 1153 (l).

403 1255 499 1280 Primo
520 1256 715 1289 quaerebatur
735 1265 822 1281 unum
843 1257 920 1282 circa
941 1257 1044 1286 Deum,
1064 1262 1159 1282 utrum
1183 1257 1295 1283 scilicet
1318 1257 1347 1283 in
1370 1258 1433 1283 Deo
1455 1257 1491 1283 sit
1510 1258 1628 1292 propria
1648 1258 1714 1284 idea
1734 1262 1763 1284 et
1782 1260 1788 1273 ¹

314 1302 441 1328 discreta
470 1307 607 1337 respectu
636 1303 791 1337 singularis
813 1304 829 1329 ².
859 1304 894 1329 Et
924 1304 1053 1338 arguitur
1082 1305 1161 1339 quod
1190 1305 1241 1336 sic,
1271 1305 1337 1339 quia
1368 1314 1432 1331 cum
1462 1305 1546 1331 ideae
1579 1306 1635 1331 sint
1662 1306 1788 1332 rationes

314 1351 513 1385 cognoscendi
545 1351 725 1377 diversorum
758 1352 1011 1387 cognoscibilium,
1043 1358 1109 1378 sunt
1141 1354 1169 1378 in
1201 1354 1265 1379 Deo
1295 1353 1429 1379 diversae
1457 1354 1550 1380 ideae.
1581 1355 1640 1380 Sed
1672 1355 1789 1381 diversa

313 1398 464 1425 individua
484 1403 550 1424 sunt
570 1399 687 1425 diversa
708 1400 928 1432 cognoscibilia.
948 1401 1026 1435 Ergo
1047 1407 1075 1426 et
1095 1405 1202 1426 cetera.

403 1446 519 1472 Contra.
552 1447 764 1481 Quaecumque
796 1447 944 1473 imitantur
977 1448 1104 1474 divinam
1125 1449 1135 1463 ³
1163 1449 1319 1474 essentiam
1352 1449 1512 1475 secundum
1544 1459 1631 1475 unum
1665 1450 1787 1483 gradum

312 1493 516 1520 imitabilitatis
545 1495 653 1520 habent
676 1504 761 1520 unam
787 1495 883 1521 ideam
906 1495 934 1521 in
958 1496 1030 1527 Deo,
1052 1504 1116 1522 cum
1137 1496 1221 1522 ideae
1241 1505 1299 1522 non
1319 1496 1375 1522 sint
1398 1496 1453 1522 nisi
1476 1497 1619 1531 quaedam
1644 1498 1787 1524 imitabili-

313 1546 388 1567 tates
403 1543 412 1556 ⁴
432 1542 577 1568 essentiae
597 1542 713 1568 divinae
733 1552 749 1568 a
770 1543 918 1569 creaturis.
933 1543 991 1569 Sed
1012 1543 1161 1569 individua
1182 1544 1312 1569 eiusdem
1333 1544 1443 1578 speciei
1463 1544 1611 1570 imitantur
1630 1545 1787 1571 essentiam

313 1589 440 1615 divinam
470 1590 630 1615 secundum
660 1599 746 1615 unum
775 1590 897 1624 gradum
929 1599 992 1616 cum
1023 1591 1171 1617 individua
1201 1591 1331 1617 eiusdem
1365 1592 1475 1627 speciei
1509 1601 1566 1618 non
1598 1601 1629 1618 se
1662 1593 1787 1619 invicem

313 1637 456 1663 excedant
471 1639 480 1652 ⁵²
499 1637 657 1663 secundum
679 1638 812 1663 diversos
831 1638 947 1672 gradus.
969 1639 1046 1673 Ergo
1067 1643 1095 1664 et
1116 1643 1222 1665 cetera.

402 1685 579 1719 Respondeo
610 1685 765 1711 dicendum
794 1686 965 1720 simpliciter
995 1687 1074 1720 quod
1102 1687 1171 1712 licet
1194 1687 1278 1713 ideae
1302 1687 1418 1713 divinae
1442 1687 1499 1713 sint
1524 1689 1652 1714 rationes
1678 1697 1787 1723 cogno-

313 1732 414 1758 scendi
443 1737 501 1758 tam
531 1733 646 1767 species
677 1742 763 1767 quam
792 1733 942 1760 individua
971 1734 1102 1759 eiusdem
1131 1735 1250 1769 speciei.
1280 1739 1377 1761 tamen
1406 1735 1471 1761 idea
1503 1736 1596 1770 primo
1623 1740 1651 1761 et
1678 1745 1730 1770 per
1755 1745 1786 1762 se

313 1780 472 1815 respondet
491 1780 647 1815 speciebus
667 1785 695 1807 et
715 1790 750 1807 ex
769 1781 961 1816 consequenti
980 1781 1145 1813 individuis,
1160 1791 1214 1808 nec
1234 1782 1434 1816 plurificantur
1448 1783 1532 1809 ideae
1552 1783 1606 1809 nisi
1627 1784 1787 1810 secundum

312 1827 508 1861 pluralitatem
538 1829 710 1862 specierum.
741 1829 776 1854 Et
805 1830 859 1855 hoc
889 1834 970 1863 patet
1001 1839 1051 1855 sex
1080 1830 1249 1856 rationibus.
1272 1846 1303 1849 —-
1327 1831 1422 1856 Prima
1446 1831 1511 1856 talis
1535 1836 1587 1857 est.
1611 1831 1711 1857 Solum
1731 1832 1788 1858 illis

312 1875 492 1910 respondent
506 1877 516 1890 ὓ
534 1876 668 1902 diversae
688 1876 772 1902 ideae
790 1876 818 1902 in
837 1877 901 1902 Deo
921 1886 995 1911 quae
1015 1881 1083 1903 nata
1102 1882 1167 1903 sunt
1182 1878 1287 1903 imitari
1307 1878 1434 1904 divinam
1455 1879 1610 1904 essentiam
1628 1879 1787 1905 secundum

312 1922 422 1949 formas
452 1923 583 1949 diversas
604 1924 746 1949 habentes
775 1933 827 1958 per
856 1933 887 1950 se
917 1924 1048 1950 diversas
1070 1925 1198 1951 rationes
1222 1925 1376 1955 formales;
1402 1930 1431 1951 et
1450 1927 1505 1951 hoc
1526 1930 1615 1960 patet,
1636 1935 1700 1952 cum
1722 1927 1787 1953 idea

312 1971 349 1996 sit
369 1971 514 2005 quaedam
534 1971 714 1997 imitabilitas
734 1971 893 1997 secundum
914 1972 1056 1997 rationem
1076 1972 1188 1998 formae
1209 1973 1391 2007 exemplaris.
1407 1973 1465 1999 Sed
1486 1974 1635 1999 individua
1655 1974 1786 2000 eiusdem

312 2018 422 2053 speciei
442 2026 499 2044 non
518 2019 627 2044 habent
652 2028 704 2053 per
730 2028 762 2045 se
782 2019 914 2045 diversas
934 2019 1043 2045 formas
1063 2029 1116 2045 nee
1137 2020 1269 2046 diversas
1289 2020 1416 2046 rationes
1439 2021 1585 2049 formales,
1606 2021 1673 2047 licet
1694 2022 1786 2048 forma

312 2065 492 2100 plurificetur
508 2067 516 2080 Τ
541 2068 543 2099 ]
570 2066 598 2092 in
625 2066 667 2092 eis
693 2075 746 2101 per
771 2067 916 2093 accidens.
938 2068 1015 2102 Ergo
1036 2071 1064 2093 et
1084 2072 1190 2093 cetera.
1211 2084 1243 2086 —
1264 2068 1400 2094 Secunda
1423 2069 1489 2094 talis
1513 2074 1564 2095 est.
1588 2069 1669 2095 Sicut
1692 2069 1787 2095 unitas

313 2117 357 2139 est
377 2122 511 2140 mensura
531 2115 659 2139 omnium
679 2123 872 2145 numerorum,
896 2114 935 2140 ita
950 2115 960 2129 s
982 2115 1110 2141 essentia
1130 2115 1229 2141 divina
1251 2116 1411 2142 secundum
1435 2116 1566 2142 diversas
1589 2117 1670 2143 ideas
1696 2123 1698 2132 ’
1726 2117 1786 2143 sive

313 2160 524 2187 imitabilitates
543 2166 588 2187 est
608 2170 742 2188 mensura
763 2162 890 2188 omnium
914 2168 1119 2188 creaturarum.
1142 2163 1201 2189 Sed
1224 2163 1320 2189 unitas
1343 2164 1448 2190 eodem
1468 2165 1556 2190 modo
1577 2169 1605 2190 et
1627 2174 1680 2199 per
1702 2174 1788 2191 unam

313 2208 456 2234 rationem
483 2213 527 2234 est
554 2218 689 2235 mensura
710 2210 837 2235 omnium
861 2219 1046 2236 numerorum
1071 2211 1201 2236 eiusdem
1222 2211 1340 2245 speciei,
1362 2212 1427 2245 quia
1449 2211 1544 2238 unitas
1566 2221 1618 2246 per
1641 2213 1764 2238 eandem
1779 2214 1789 2228 ‘⁶³

314 2255 456 2282 rationem
488 2261 636 2282 mensurat
669 2266 770 2283 omnes
802 2253 1013 2292 quaternarios,
1044 2266 1103 2284 non
1134 2262 1232 2284 tamen
1262 2267 1316 2293 per
1346 2268 1432 2285 unam
1464 2260 1606 2286 rationem
1641 2264 1788 2286 mensurat

315 2303 530 2338 quaternarium
550 2308 579 2330 et
598 2305 765 2331 ternarium.
785 2305 863 2339 Ergo
887 2314 903 2330 a
926 2305 1011 2331 simili
1035 2305 1162 2331 essentia
1186 2305 1284 2332 divina
1308 2311 1352 2332 est
1375 2315 1510 2333 mensura
1534 2312 1562 2333 et
1584 2309 1658 2334 ratio
1679 2316 1788 2342 cogno-

313 2351 413 2377 scendi
433 2356 569 2386 respectu
589 2352 717 2378 onmium
737 2352 954 2378 individuorum
975 2353 1105 2379 eiusdem
1126 2353 1236 2388 speciei
1256 2362 1309 2388 per
1327 2363 1413 2380 unam
1437 2354 1541 2381 ideam.
1556 2371 1589 2374 —
1603 2355 1702 2381 Tertia
1722 2355 1788 2382 talis

313 2402 365 2425 est.
385 2399 464 2425 Inter
482 2399 565 2425 ideas
585 2403 630 2426 est
650 2400 721 2426 ordo
742 2400 847 2426 saltem
867 2400 1027 2426 secundum
1048 2400 1190 2427 rationem
1212 2405 1240 2427 et
1259 2410 1318 2427 non
1339 2401 1481 2434 confusio,
1501 2403 1540 2428 ita
1561 2403 1639 2437 quod
1660 2403 1788 2429 essentia

403 2533 411 2547 ²
425 2531 563 2558 distincta
582 2532 644 2558 sive
664 2532 732 2559 add.
754 2532 786 2559 C.
807 2548 840 2551 —
860 2533 870 2548 ²
889 2532 1078 2568 singularium
1099 2533 1132 2559 C.
1151 2549 1185 2553 -—
1205 2534 1215 2549 ³
1235 2533 1332 2560 ideam
1353 2535 1421 2561 add.
1442 2534 1474 2561 C.
1494 2551 1527 2554 —
1548 2536 1557 2551 ⁴
1577 2535 1785 2562 imitabilitatio

312 2575 382 2609 (sic)
396 2574 428 2602 C.
442 2591 476 2594 —
490 2576 500 2591 ⁵
514 2576 674 2602 extendant
687 2576 718 2602 P.
733 2592 767 2595 —
782 2576 792 2591 ⁰
804 2576 964 2611 respondet
979 2576 1010 2603 C.
1026 2592 1058 2596 ——
1075 2577 1083 2592 ⁷
1096 2576 1190 2603 forma
1204 2577 1393 2612 plurificetur]
1414 2578 1527 2605 formae
1541 2579 1740 2614 plurificentur
1754 2580 1787 2607 C.

313 2634 346 2637 —
367 2619 377 2634 ⁸
396 2618 439 2645 sic
459 2618 491 2645 C.
512 2634 545 2638 —
566 2620 576 2634 ⁹
594 2627 681 2645 unam
702 2619 735 2646 C.

403 2709 442 2740 (1)
461 2706 521 2734 Cfr.
541 2716 590 2743 pp.
609 2709 736 2735 229-233.
1632 2712 1682 2738 41*

1842 2032 1906 2058 cod.
1922 2033 1944 2058 C

1819 2066 1869 2093 fol.
1883 2069 1917 2092 {¹7
1932 2068 1971 2092 Va

1847 2103 1911 2128 COd.
1929 2103 1948 2128 S

1818 2138 1868 2164 fol.
1882 2141 1913 2164 47
1930 2139 1968 2164 R*
