2493 3458
724 438 939 465 SECUNDUM
969 438 1265 472 QusmrissETtiu,
1296 439 1331 472 Q.
1361 439 1414 464 vn
1759 441 1803 464 127

334 535 426 571 patet
458 529 492 560 in
524 528 679 571 singulis,
713 538 784 559 non
820 532 872 559 est
905 538 1021 558 verum
1056 528 1149 568 quod
1179 527 1374 559 assumitur.
1408 528 1513 559 lmmo
1550 529 1657 559 forma
1692 528 1805 569 aliqua

335 587 485 619 existens
525 586 559 617 in
599 585 740 617 materia
780 584 984 616 determinat
1026 584 1137 626 ipsam
1177 585 1221 616 ad
1260 585 1406 616 formam
1449 585 1513 616 sibi
1552 591 1805 628 repugnantem

335 644 550 686 originaliter
565 644 583 682 ¹,
617 643 711 684 quod
740 642 945 674 determinat
969 653 1040 673 non
1072 643 1115 673 ad
1144 642 1177 673 id
1194 642 1204 658 '²
1229 643 1322 683 quod
1348 648 1465 673 natum
1498 648 1550 674 est
1578 654 1615 673 se
1644 643 1805 684 compati,

334 702 397 734 sed
414 702 458 733 ad
482 701 516 732 id
533 701 543 717 ³
568 701 661 742 quod
686 706 803 732 natum
833 705 885 732 est
913 699 978 731 sibi
1003 700 1202 731 succedere.
1229 700 1396 740 Quamvis
1422 700 1523 731 etiam
1549 701 1658 731 forma
1683 700 1806 732 mortui

335 759 513 791 cadaveris
530 758 540 775 ⁴
568 758 700 790 ratione
732 769 798 799 qua
827 763 998 788 mortuum
1027 757 1292 800 repugnantiam
1318 759 1444 789 habeat
1469 758 1512 789 ad
1538 758 1681 789 formam
1711 769 1806 800 prae-
1831 794 1835 797 ,

333 818 515 849 cedentem
539 815 671 847 ratione
697 826 765 856 qua
789 815 919 853 vivens,
945 820 1087 856 propter
1112 815 1205 856 quod
1231 820 1478 846 transmutatur
1503 815 1645 846 materia
1670 817 1712 846 al)
1738 826 1807 846 una

336 875 369 906 in
404 874 514 913 aliam,
547 880 663 905 tamen
697 873 830 904 ratione
867 883 935 913 qua
972 873 1148 913 quoddam
1184 872 1325 903 mixtum
1365 873 1640 911 determinatum,
1681 873 1810 905 etiam⁵

336 932 511 973 quandam
540 930 817 962 conformitatem
846 931 951 961 habet
980 940 1057 961 cum
1084 931 1194 961 forma
1219 930 1442 971 praecedenti
1472 941 1574 971 quam
1604 942 1675 961 non
1705 931 1809 962 habet

337 1001 414 1021 cum
441 988 524 1027 aliis,
555 988 687 1020 ratione
720 988 819 1019 cuius
852 987 953 1019 etiam
987 987 1179 1019 consimilia
1211 987 1404 1019 accidentia
1434 993 1582 1029 possunt
1613 988 1669 1019 hic
1695 993 1728 1019 et
1764 987 1809 1019 ibi

336 1046 487 1089 reperiri.

424 1105 512 1136 Cum
545 1103 699 1146 arguitur
736 1104 780 1134 de
814 1104 952 1134 duobus
985 1103 988 1144 Ι
1021 1103 1206 1145 agentibus
1247 1108 1280 1134 et
1319 1108 1443 1141 cetera,
1486 1103 1672 1134 dicendum
1715 1103 1808 1144 quod

336 1168 477 1204 propter
508 1161 757 1203 perfectionem
783 1166 816 1192 et
848 1160 1061 1192 nobilitatem
1094 1160 1243 1192 hominis
1269 1172 1339 1192 non
1373 1166 1487 1202 potest
1520 1162 1624 1192 homo
1657 1161 1809 1203 perfecte

335 1220 370 1252 in
407 1230 485 1251 esse
521 1219 666 1261 produci
703 1220 746 1250 al)
779 1224 906 1261 agente
940 1218 1095 1254 naturali,
1128 1219 1190 1249 sed
1216 1218 1428 1260 dispositive,
1462 1218 1506 1250 ita
1538 1220 1632 1260 quod
1664 1219 1752 1250 sicut
1776 1218 1810 1249 in

336 1277 563 1321 generatione
599 1276 687 1308 asini
719 1276 856 1308 actione
896 1276 1042 1307 naturali
1082 1276 1282 1317 proceditur
1321 1287 1431 1318 usque
1471 1277 1515 1308 ad
1548 1277 1811 1318 dispositionem

337 1335 500 1367 materiae
517 1345 606 1376 quae
625 1340 676 1365 est
694 1334 896 1372 necessitas,
915 1340 948 1365 et
968 1345 1007 1365 ex
1033 1334 1264 1375 consequenti
1286 1334 1387 1365 etiam
1412 1345 1523 1375 usque
1541 1335 1585 1365 ad
1603 1335 1811 1376 completam

337 1392 600 1435 generationem
633 1391 721 1423 asini
754 1397 786 1422 et
826 1391 1226 1423 inductionem‘formae
1267 1392 1453 1423 sensitivae
1493 1392 1615 1423 virtute
1655 1392 1811 1424 eiusdem

339 1450 474 1493 agentis
513 1449 611 1481 cuius
648 1450 846 1481 facultatem
888 1449 962 1480 talis
996 1450 1105 1480 forma
1138 1460 1209 1480 non
1251 1450 1396 1488 excedit,
1430 1450 1475 1481 ita
1511 1449 1544 1481 in
1587 1449 1812 1492 generatione

338 1507 488 1540 hominis
513 1507 551 1539 fit
582 1518 769 1549 processus¹
802 1506 966 1538 naturalis
1002 1517 1113 1548 usque
1150 1507 1193 1538 ad
1230 1507 1493 1549 dispositionem
1526 1507 1688 1539 materiae
1725 1518 1813 1549 quae

339 1571 391 1598 est
415 1564 617 1597 necessitas,
644 1564 686 1596 Et
711 1564 791 1606 quia
815 1564 921 1595 virtus
947 1564 1111 1595 naturalis
1141 1564 1275 1607 agentis
1302 1565 1417 1596 deficit
1442 1571 1603 1606 respectu
1628 1565 1813 1607 compositi

339 1622 483 1666 perfecti
519 1633 581 1665 per
617 1622 766 1654 animam
803 1621 1045 1654 intellectivam
1083 1628 1116 1653 et
1152 1628 1313 1664 respectu
1350 1624 1353 1663 l
1390 1622 1498 1664 ipsius
1536 1623 1681 1661 animae,
1716 1624 1812 1655 Deus

339 1681 414 1723 ipse
440 1680 638 1713 consistens
664 1679 723 1712 etG
748 1680 905 1712 virtutem
935 1680 1088 1711 omnium
1114 1680 1291 1723 agentium
1316 1680 1349 1711 in
1379 1692 1416 1712 se
1444 1681 1589 1720 habens,
1616 1681 1711 1722 quasi
1739 1681 1813 1713 vice

337 1738 472 1782 agentis
490 1738 664 1777 naturalis,
694 1738 797 1770 efficit
826 1738 1058 1780 compositum
1087 1738 1180 1779 quod
1210 1744 1262 1770 est
1286 1739 1402 1777 homo,
1433 1738 1581 1770 animam
1610 1738 1814 1770 rationalem

339 1807 411 1829 non
430 1807 490 1839 per
506 1807 543 1828 se
561 1796 623 1828 sed
641 1796 675 1828 in
701 1795 843 1828 materia
869 1795 1037 1837 disposita
1063 1796 1297 1827 concreando.
1316 1796 1359 1827 Et
1381 1796 1469 1828 sicut
1487 1796 1514 1827 si
1532 1807 1642 1839 agens
1660 1797 1815 1828 naturale

339 1855 483 1886 haberet
501 1853 689 1886 efficaciam
714 1853 913 1885 huiusmodi
939 1853 1173 1895 compositum
1198 1854 1352 1895 perfecte
1377 1854 1578 1897 generandi,
1604 1854 1686 1885 illud
1711 1865 1816 1897 gene-

339 1913 448 1944 rando
478 1917 714 1954 corrumperet
743 1912 858 1943 omnia
883 1911 1139 1953 praecedentia,
1166 1912 1297 1943 scilicet
1321 1912 1467 1943 formam
1494 1912 1757 1944 substantialem
1784 1918 1816 1944 et

340 1969 534 2002 accidentia
565 1969 655 2001 illam
685 1969 965 2008 concomitantia,
996 1975 1028 2001 et
1055 1969 1256 2001 inducendo
1288 1970 1432 2001 formam
1466 1969 1691 2011 principalem
1720 1970 1816 2001 indu-

341 2033 433 2060 ceret
451 2027 552 2059 etiam
581 2027 775 2059 accidentia
802 2027 848 2058 illi
874 2027 1127 2065 convenientia,
1154 2027 1199 2058 ita
1228 2028 1324 2059 Deus
1350 2038 1459 2070 agens
1487 2027 1585 2069 quasi
1614 2027 1688 2059 vice
1714 2027 1816 2059 huius

341 2085 505 2117 naturalis
531 2085 666 2128 agentis
695 2086 764 2117 hoc
792 2085 883 2116 idem
913 2085 1014 2119 facit:
1044 2091 1124 2116 sunt
1150 2085 1239 2116 enim
1266 2085 1405 2128 agentia
1430 2085 1759 2117 convenientissima
1785 2091 1817 2117 et

342 2143 608 2175 ordinatissima.

431 2201 520 2233 Cum
560 2212 644 2244 ergo
686 2200 810 2232 dicitur
849 2201 943 2242 quod
984 2211 1093 2243 agens
1134 2202 1290 2232 naturale
1331 2201 1458 2242 aliquid
1499 2201 1568 2244 agit
1616 2207 1649 2233 ct
1688 2201 1819 2233 inducit

342 2259 490 2300 aliquam
516 2259 671 2297 formam,
697 2270 815 2290 verum
841 2264 901 2290 est.
929 2259 1000 2290 Sed
1025 2259 1079 2290 illa
1106 2264 1156 2290 est
1174 2258 1355 2300 dispositio
1375 2269 1463 2300 quae
1482 2264 1534 2290 est
1558 2259 1749 2290 necessitas
1775 2259 1818 2290 ad

342 2316 596 2355 intellectivam,
626 2327 697 2348 non
727 2322 763 2348 ut
791 2316 892 2347 simul
925 2327 1002 2348 cum
1034 2316 1089 2347 illa
1117 2322 1265 2355 maneat,
1291 2317 1363 2355 sed,
1390 2327 1467 2348 cum
1492 2317 1556 2348 alia
1582 2316 1818 2355 introducitur,

343 2374 408 2406 ista
448 2380 696 2416 corrumpatur,
737 2374 825 2406 sicut
866 2374 1036 2417 contingit
1076 2374 1109 2405 in
1150 2374 1223 2405 aliis
1266 2375 1360 2415 quod
1399 2374 1579 2417 generatio
1622 2374 1725 2405 unius·
1769 2380 1820 2406 est

342 2432 518 2474 corruptio
544 2431 692 2463 alterius.
724 2432 765 2463 Et
797 2442 875 2463 cum
909 2432 1050 2464 dicitur:
1077 2432 1166 2463 illam
1198 2443 1269 2463 non
1304 2431 1492 2473 corrumpit
1526 2431 1591 2463 nisi
1616 2432 1819 2474 generando

343 2489 452 2529 aliam,
479 2489 558 2531 quia
576 2500 637 2532 per
662 2500 699 2522 se
724 2501 795 2521 non
821 2489 1020 2531 corrumpit,
1047 2489 1233 2521 dicendum
1259 2490 1352 2530 quod
1378 2500 1488 2532 agens
1513 2490 1668 2521 naturale
1693 2500 1815 2521 secun-

344 2548 424 2579 dum
449 2558 487 2580 se
511 2547 603 2579 illam
627 2559 699 2579 non
717 2547 905 2589 corrumpit
931 2547 1019 2579 sicut
1044 2547 1239 2578 secundum
1264 2558 1302 2579 se
1327 2558 1399 2578 non
1418 2547 1549 2579 inducit
1567 2546 1819 2586 intellectivam,

434 2692 441 2705 ¹
455 2689 635 2716 orientaliter
649 2690 681 2723 (Β)
695 2690 755 2716 PV.
768 2706 799 2708 —
813 2690 821 2704 ²
833 2690 902 2715 illud
916 2690 946 2715 P.
959 2705 990 2708 —
1005 2690 1015 2705 ³
1029 2690 1098 2715 illud
1114 2690 1182 2715 Rj
1196 2691 1203 2704 ⁴
1215 2689 1321 2715 mortui
1336 2689 1498 2723 cadaveris]
1511 2689 1663 2716 cadaveris
1675 2689 1780 2716 mortui
1792 2690 1822 2715 P.

345 2735 355 2749 ⁵
369 2738 398 2761 et
409 2734 440 2761 P.
455 2750 487 2753 —
504 2735 513 2748 ‘³
527 2734 691 2760 consistens
706 2735 743 2768 et]
760 2733 888 2760 existens
903 2734 932 2760 P.

1866 1089 1929 1116 cod.
1942 1090 1966 1114 V

1838 1125 1886 1152 fol.
1896 1127 1947 1151 267
1959 1125 1999 1150 Vb

1870 1603 1934 1629 cod.
1949 1603 1971 1628 P

1835 1638 1885 1665 fol.
1902 1640 1950 1665 147
1963 1638 2004 1664 Vt)
