2493 3458
516 654 581 680 cod.
596 655 617 679 1¹

484 690 532 715 sol.
550 691 598 715 145
613 690 652 714 Vn

515 725 578 751 cod-
595 725 617 750 V

485 760 533 786 t'ol.
548 762 599 787 ‘Ait
615 760 653 786 V³⁴

679 424 725 447 104
1039 419 1227 445 MAGIS'sffl
1258 417 1475 443 (joni-:FRlni
1507 417 1557 442 DE
1588 416 1784 443 FONTIBUS

676 522 778 542 unam
811 510 1002 541 secundum
1029 520 1098 540 rem
1125 507 1323 540 successive
1349 506 1382 538 in
1408 506 1564 544 diversis,
1589 511 1622 538 et
1646 506 1714 538 hoc
1739 510 1879 548 propter
1913 505 2145 538 diversitatem

676 568 749 599 cius
782 568 907 599 realem
940 579 958 598 u
993 566 1120 598 formis.
1147 566 1248 598 Unde
1282 564 1613 603 Commentatorsl)‚
1639 563 1848 595 duodecimo
1874 563 2145 605 Metaphysicae,

676 626 822 666 loquens
848 626 890 656 de
917 624 1056 656 materia
1087 623 1187 655 dicit:
1224 640 1232 649 ν
1259 622 1389 654 unum'
1424 632 1568 653 numero
1593 626 1708 663 potest
1733 620 1876 652 inveniri
1911 620 1944 652 in
1971 620 2147 663 pluribus;

677 684 742 714 lioc
768 688 881 714 autem
909 693 978 713 non
1005 681 1203 723 intelligitur
1220 681 1263 711 de
1289 690 1331 711 eo
1357 679 1450 720 quod
1477 684 1528 711 est
1553 678 1585 710 in
1612 684 1700 717 actu,
1726 678 1787 710 sed
1814 689 1876 710 ens
1901 677 1935 710 in
1962 679 1966 719 Ι
1993 678 2147 720 potentia

695 741 698 781 Ι
732 751 836 771 unum
863 750 1007 771 numero
1041 744 1154 781 potest
1180 749 1256 770 esse
1291 747 1475 768 commune
1509 736 1672 778 pluribus.
1699 735 1791 776 Quia
1822 735 1912 767 enim
1947 736 2148 768 nonhabet

676 797 886 829 differentias
912 797 1037 838 quibus
1063 796 1174 828 differt
1199 795 1231 827 in
1258 794 1404 835 singulis
1429 793 1614 826 individuis
1649 800 1682 825 et
1713 793 1838 835 quibus
1873 792 2045 825 invenitur
2075 794 2148 836 plu·

675 855 788 887 ralitas
815 855 846 886 in
873 865 1018 886 numero
1044 853 1192 885 dicitur²
1217 864 1294 884 csse
1321 863 1436 890 unum,
1460 857 1493 884 et
1518 851 1598 892 quia
1623 857 1716 883 caret
1734 851 1843 882 forma
1862 861 1930 892 qua
1947 861 2003 883 res
2025 850 2149 883 dicitur

675 924 752 944 esse
779 923 845 944 una
872 923 1015 943 numero
1041 911 1164 943 dicitur
1189 921 1267 942 esse
1297 920 1481 941 commune
1511 909 1666 951 pluribus
1692 909 1795 940 rebus
1820 908 1853 940 in
1880 918 2046 947 numero;
2077 919 2147 941 non

675 970 754 1012 quia
779 971 904 1001 habeat
930 970 1073 1000 sormam
1100 979 1319 1000 communem
1346 967 1433 999 sicut
1451 973 1503 999 est
1522 967 1553 998 in
1572 977 1702 1007 genere
1721 985 1771 1003 —‚
1791 966 1922 998 formae
1940 965 2031 998 enim
2057 976 2148 999 com-

675 1039 797 1059 munes
822 1027 855 1059 in
881 1027 1006 1069 quibus
1031 1026 1253 1058 inveniuntur
1282 1025 1488 1057 universalia
1514 1031 1593 1056 sunt
1619 1024 1711 1056 entia
1745 1024 1778 1055 in
1815 1023 1984 1066 potentia;
2011 1030 2044 1056 et
2069 1023 2148 1057 ideo

675 1085 761 1117 scire
787 1085 914 1126 aliquid
940 1085 1132 1116 secundum
1158 1084 1252 1125 quod
1285 1090 1335 1114 cst
1361 1082 1555 1114 universale
1580 1089 1632 1114 est
1666 1081 1753 1114 scire
1786 1081 1819 1113 in
1855 1081 2018 1123 potentia.
2045 1081 2148 1114 Com-

675 1143 861 1175 municatio
887 1153 970 1183 ergo
996 1153 1084 1183 quae
1111 1141 1309 1182 intelligitur
1335 1141 1367 1172 in
1394 1139 1512 1172 formis
1544 1139 1787 1171 communibus
1816 1140 1920 1171 habet
1951 1150 2029 1171 esse
2055 1146 2148 1172 extra

674 1201 821 1232 unimam
848 1200 880 1232 in
908 1199 1071 1242 potentia.
1098 1199 1161 1231 ista
1187 1205 1301 1230 autem
1326 1197 1595 1229 communicatio
1616 1208 1705 1238 quae
1732 1196 1930 1238 intelligitur
1955 1197 1988 1229 in
2007 1197 2148 1229 materia

674 1265 725 1290 cst
751 1270 835 1300 pura
865 1257 1019 1300 privatio,
1046 1268 1122 1288 cum
1150 1267 1220 1288 non
1246 1256 1454 1299 intelligatur
1478 1255 1543 1286 nisi
1569 1255 1761 1287 secundum
1787 1254 1997 1287 ablationem
2023 1255 2146 1287 sorma-

674 1327 746 1348 rum
773 1316 984 1347 diversarum
1011 1314 1271 1346 individualium
1297 1314 1340 1344 ali
1367 1324 1407 1345 ca
1428 1329 1450 1344 n.

764 1374 955 1411 Praeterea,
981 1372 1007 1404 si
1033 1382 1146 1414 genus
1183 1371 1275 1403 dicat
1310 1371 1409 1402 aliam
1437 1371 1580 1402 sormam
1616 1370 1750 1402 realiter
1782 1381 1801 1401 a
1833 1370 2037 1409 differentia,
2063 1380 2148 1413 ergo

673 1431 809 1473 specics
835 1437 886 1463 est
911 1430 1089 1472 quoddam
1127 1429 1358 1471 compositum
1395 1439 1435 1460 ex
1473 1428 1615 1460 materia
1651 1434 1684 1460 et
1720 1427 1876 1470 pluribus
1912 1427 2040 1460 formis.
2077 1428 2147 1460 Sed

674 1501 752 1531 pars
778 1500 848 1520 non
874 1487 1092 1530 praedicatur
1116 1488 1159 1519 de
1185 1493 1257 1519 toto
1283 1486 1346 1518 nisi
1373 1485 1650 1522 denominative;
1669 1496 1753 1527 ergo
1771 1496 1840 1517 non
1860 1496 1939 1518 vere
1957 1485 2147 1518 diceretur:

673 1548 778 1579 homo
802 1552 854 1578 est
879 1545 1081 1584 substantia,
1107 1545 1168 1577 sed
1195 1544 1466 1576 substantialitas
1496 1544 1549 1575 vel
1575 1543 1783 1576 huiusmodi.
1809 1543 1845 1576 Si
1871 1549 1986 1575 autern
2014 1543 2148 1576 dicatur

674 1605 767 1646 quod
804 1605 907 1636 immo
942 1614 1054 1647 genus
1091 1603 1310 1645 praedicatur
1345 1603 1388 1634 de
1413 1601 1531 1644 specie
1567 1612 1628 1644 per
1663 1612 1700 1633 se
1737 1607 1770 1633 et
1801 1601 2040 1640 essentialiter,
2075 1612 2146 1633 non

673 1662 940 1700 denominative,
971 1660 1050 1703 quia
1085 1671 1198 1701 genus
1224 1671 1294 1692 non
1331 1659 1517 1702 imponitur
1542 1659 1697 1701 praecise
1723 1659 1768 1691 illi
1802 1659 1934 1691 formae
1959 1659 2031 1691 sive
2056 1669 2148 1691 com-

673 1720 787 1763 posito
814 1731 854 1752 ex
879 1719 1020 1751 materia
1045 1725 1078 1750 ct
1103 1719 1158 1750 illa
1183 1718 1291 1760 prima
1316 1718 1436 1753 forma,
1462 1718 1524 1749 sed
1550 1717 1610 1749 toti
1646 1716 1845 1759 composito
1881 1717 2057 1759 completo
2082 1718 2148 1749 sub

673 1778 804 1810 ratione
841 1784 954 1809 tamen
992 1776 1191 1818 incompleti
1228 1782 1261 1808 et
1297 1775 1560 1811 indeterminati,
1594 1776 1662 1806 hoc
1696 1774 1829 1806 videtur
1864 1785 1942 1807 esse
1967 1774 2071 1807 fictio.
2097 1775 2148 1807 Ex

674 1847 742 1878 quo
775 1836 865 1867 enim
899 1835 1006 1866 forma
1038 1833 1176 1875 generis
1217 1840 1268 1865 est
1300 1833 1413 1875 aliqua
1450 1833 1558 1865 forma
1591 1832 1726 1865 realiter
1762 1832 1827 1864 alia
1863 1843 1882 1864 a
1918 1832 2027 1864 forma
2053 1832 2147 1865 diffe-

674 1893 812 1931 rentiae,
838 1892 919 1924 huic
947 1892 993 1924 rei
1013 1903 1073 1934 per
1097 1902 1134 1923 se
1160 1897 1274 1933 potest
1299 1902 1426 1923 nomen
1453 1891 1593 1932 imponi,
1619 1897 1653 1922 et
1677 1890 1948 1932 supponendum
1974 1896 2026 1923 est
2050 1891 2146 1932 quod

674 1951 871 1993 impositum
897 1956 948 1982 est
974 1960 1100 1982 nomen
1126 1949 1265 1991 generis
1291 1949 1321 1981 ei
1339 1949 1432 1990 quod
1449 1948 1460 1965 ³
1484 1959 1545 1990 per
1569 1958 1607 1980 se
1632 1954 1665 1980 et
1689 1949 1733 1980 de
1758 1954 1880 1980 natura
1898 1958 1962 1979 sua
1986 1947 2147 1990 importat

673 2009 773 2041 talem
800 2008 986 2041 entitatem.
1006 2027 1044 2030 —
1064 2007 1214 2040 Ulterius
1232 2007 1333 2039 etiam
1359 2006 1386 2038 si
1412 2007 1522 2038 forma
1539 2005 1678 2048 generis
1703 2006 1746 2037 sit
1770 2005 1835 2037 alia
1860 2006 2054 2038 secundum
2074 2016 2145 2038 rem

673 2078 692 2098 a
721 2067 830 2099 forma
865 2065 1090 2104 differentiae,
1123 2071 1205 2097 tunc
1242 2064 1323 2096 illud
1359 2064 1453 2106 quod
1485 2064 1688 2106 importatur
1722 2063 1863 2096 nomine
1899 2063 2039 2107 generis
2074 2074 2146 2096 non

673 2130 765 2156 esset
789 2123 931 2166 specie*
968 2123 1059 2155 aliud
1095 2129 1127 2155 et
1159 2122 1251 2154 aliud
1280 2122 1313 2154 in
1346 2122 1483 2154 duabus
1517 2121 1715 2164 speciebus,
1749 2121 1838 2153 sicut
1869 2121 1951 2153 illud
1983 2122 2028 2153 ad
2052 2122 2147 2163 quod

673 2181 812 2213 nomine
838 2181 986 2213 hominis
1018 2181 1220 2222 designatur
1255 2191 1326 2211 non
1363 2179 1641 2211 diversificatur2
1678 2179 1797 2221 specie
1826 2179 1860 2211 in
1893 2179 2034 2211 homine
2066 2179 2146 2211 albo

673 2246 705 2271 ct
730 2239 838 2281 nigro.
865 2239 943 2271 Hoc
967 2244 1080 2270 autem
1107 2244 1159 2269 est
1184 2237 1445 2269 inconveniens.
1473 2238 1544 2269 Sed
1569 2243 1691 2268 natura
1709 2237 1858 2279 generis,
1879 2242 1960 2279 puta
1979 2236 2146 2275 animalis,

673 2302 742 2328 lion
768 2303 860 2328 essct
885 2296 949 2327 alia
981 2302 1014 2328 et
1047 2296 1112 2327 alia
1146 2295 1264 2337 specie
1294 2295 1327 2326 in
1357 2295 1497 2327 homine
1523 2301 1555 2326 et
1586 2306 1687 2336 equo,
1718 2295 1783 2327 nisi
1816 2294 2030 2327 differentiae
2062 2294 2146 2326 divi-

672 2355 766 2386 sivae
791 2354 957 2392 animalis,
983 2364 1072 2395 quae
1098 2353 1311 2385 constituunt
1329 2353 1421 2384 aliud
1439 2358 1472 2384 et
1497 2353 1589 2384 aliud
1615 2352 1740 2384 animal
1758 2352 1887 2394 specie,
1905 2352 2146 2394 acciperentur

672 2423 691 2444 a
731 2412 838 2443 formu
880 2423 946 2453 qua
986 2411 1111 2442 animal
1152 2417 1204 2443 est
1244 2410 1378 2442 animal.
1421 2410 1513 2453 Ergo
1553 2410 1767 2442 differentiae
1807 2409 1973 2442 divisivae
2013 2409 2115 2442 huius
2135 2409 2147 2426 ⁶

764 2590 768 2603 ¹
790 2597 843 2614 mn.
859 2589 889 2614 1³.
910 2604 942 2606 —
963 2588 973 2603 ⁴·‘
993 2588 1108 2613 videtur
1127 2587 1157 2613 P.
1179 2603 1210 2606 Α
1231 2588 1241 2601 ³
1261 2587 1328 2622 quia
1343 2587 1372 2613 P.
1395 2603 1424 2605 ξ
1449 2589 1455 2602 “
1476 2596 1531 2612 um.
1551 2587 1580 2612 P.
1603 2603 1633 2605 —
1655 2588 1665 2601 ³
1679 2587 1706 2612 ἰιι
1720 2587 1788 2612 mid.
1803 2587 1833 2612 P.
1855 2603 1886 2605 —
1908 2588 1918 2601 ⁰
1933 2587 2098 2613 huiusmodi
2114 2587 2145 2613 P.

759 2717 798 2748 (ll
819 2714 996 2741 Averrois
1016 2714 1240 2748 Aletalvhysiccw,
1260 2714 1276 2740 l.
1299 2714 1360 2743 ΧΠ,
1381 2722 1404 2740 c.
1425 2716 1440 2738 3
1461 2713 1491 2740 «f.
1514 2715 1560 2740 ltl
1584 2713 1707 2740 V‘2-Vlw.
