2493 3458
744 437 959 464 SECUNDUM
992 438 1288 471 QUODLIBETUM,
1318 438 1353 472 Q
1380 439 1419 463 IV
1780 442 1808 465 81

434 529 572 560 Contra.
610 528 757 569 Oportet
793 527 887 567 quod
918 526 1007 558 actio
1044 527 1086 558 sit
1119 527 1386 568 proportionalis
1416 527 1527 558 virtuti
1564 528 1708 570 agentis.
1743 529 1813 561 Sed

345 585 456 617 omnis
482 585 571 617 actio
590 584 791 617 terminatae
817 584 1031 615 substantiae
1050 590 1101 615 est
1126 584 1312 621 accidens3
1338 584 1501 616 accidens
1527 590 1640 616 autem
1666 597 1735 617 non
1763 592 1814 617 est

344 643 603 685 proportionale
641 642 854 673 substantiae
894 642 955 673 sed
997 641 1177 673 accidenti.
1211 641 1305 684 Ergo
1347 642 1558 683 operationis
1600 643 1813 675 substantiae

344 711 432 742 quae
458 700 621 732 accidens
639 705 692 731 est
713 699 719 716 ¹
745 710 816 731 non
842 704 956 741 potest
974 710 1052 731 esse
1068 699 1302 731 immediatum
1321 699 1525 741 principium
1544 701 1746 731 substantia.

432 758 643 799 Respondeo
663 757 861 789 dicendum:
878 756 996 788 dicunt
1014 757 1116 797 aliqui
1129 759 1174 797 (l)
1189 757 1283 797 quod
1298 757 1389 788 circa
1403 758 1470 789 hoc
1485 763 1536 789 est
1550 757 1811 800 intelligendum

343 816 437 857 quod
463 816 590 857 duplex
615 821 666 846 est
691 814 845 856 potentia
869 815 923 846 vel
949 814 1154 855 principium
1184 814 1395 855 operationis
1430 815 1463 845 in
1494 815 1668 846 creaturis.
1699 816 1813 856 Quae-

344 874 422 905 dam
447 873 537 905 enim
564 879 615 905 est
639 872 760 911 activa,
786 872 957 913 quaedam
988 877 1101 903 autem
1127 872 1286 913 passiva:
1325 878 1357 903 et
1382 872 1460 913 quia
1487 883 1595 915 agens
1621 874 1813 905 secundum

343 931 437 972 quod
463 941 572 974 agens
597 930 761 962 assimilat
780 930 843 961 sibi
870 940 1021 971 passum,
1040 929 1073 960 id
1099 929 1233 961 videtur
1251 940 1329 961 esse
1347 930 1581 961 immediatum
1607 931 1812 972 principium

343 989 490 1021 activum
517 988 662 1020 actionis
688 988 721 1019 in
751 999 820 1029 quo
846 998 954 1030 agens
980 987 1144 1018 assimilat
1169 987 1233 1018 sibi
1259 998 1399 1028 passum
1418 993 1451 1019 et
1475 987 1509 1019 in
1535 999 1603 1029 quo
1629 988 1815 1020 attenditur

342 1046 527 1078 similitudo
554 1045 687 1089 agentis
714 1046 756 1076 ad
782 1056 923 1087 passum
939 1045 958 1076 ².
985 1045 1021 1076 In
1049 1045 1238 1076 mutatione
1264 1050 1377 1077 autem
1403 1046 1445 1076 ad
1471 1046 1699 1077 substantiam
1725 1057 1813 1087 quae

342 1104 465 1136 dicitur
496 1103 675 1146 generatio
709 1103 895 1134 attenditur
928 1102 1114 1134 similitudo
1148 1103 1182 1133 in
1214 1103 1324 1134 forma
1364 1103 1600 1139 substantiali;
1640 1115 1813 1146 generans

342 1161 432 1193 enirn
465 1161 631 1192 assimilat
662 1161 725 1192 sibi
751 1166 953 1201 generatum
980 1160 1012 1191 in
1046 1161 1239 1192 substantia
1272 1166 1436 1202 quantum
1463 1161 1505 1192 ad
1540 1161 1683 1192 formam
1701 1161 1712 1177 ³
1735 1163 1814 1193 sub·

342 1219 546 1251 stantialem.
584 1219 701 1259 Quare
734 1219 843 1250 forma
880 1218 1116 1249 substantialis
1149 1218 1284 1249 videtur
1320 1229 1397 1250 esse
1430 1218 1634 1260 principium
1671 1230 1813 1261 genera-

342 1277 446 1309 tionis
475 1276 688 1308 substantiae
714 1276 873 1308 activum.
904 1276 994 1316 Quia
1024 1276 1124 1308 etiam
1152 1276 1327 1318 passivum
1359 1276 1392 1307 in
1422 1282 1588 1317 quantum
1615 1277 1813 1308 huiusmodi

342 1346 411 1367 non
448 1334 581 1366 reducit
617 1345 654 1366 se
690 1334 802 1376 ipsum
840 1335 883 1365 ad
920 1340 1044 1373 actum,
1078 1335 1140 1365 sed
1173 1335 1215 1365 ab
1253 1340 1378 1377 agente
1415 1334 1589 1366 reducitur
1625 1334 1658 1365 in
1688 1341 1812 1374 actum,

341 1393 477 1424 videtur
509 1393 603 1433 quod
637 1392 670 1423 in
707 1392 846 1433 passivo
880 1392 1028 1423 sufficiat
1065 1392 1158 1433 quod
1195 1391 1237 1423 sit
1273 1392 1428 1433 potentia
1466 1392 1603 1434 passiva
1639 1393 1813 1434 receptiva

341 1449 637 1482 transmutationis
670 1456 703 1481 et
741 1449 886 1481 actionis
923 1455 955 1481 et
991 1449 1122 1481 formae
1157 1450 1302 1492 agentis.
1329 1450 1406 1481 Hoc
1439 1450 1558 1481 saltem
1590 1449 1746 1482 videmus
1779 1450 1812 1482 in

341 1508 450 1550 primo
476 1507 617 1549 passivo
636 1508 728 1548 quod
747 1513 799 1539 est
824 1507 965 1538 materia
983 1507 1101 1548 prima,
1127 1507 1207 1548 quia
1220 1507 1231 1523 4
1248 1507 1402 1548 potentia
1420 1507 1583 1539 materiae
1604 1518 1674 1539 non
1700 1514 1814 1549 potest

341 1566 456 1597 dicere
482 1565 631 1606 aliquam
656 1576 726 1596 rem
745 1566 936 1596 absolutam
962 1565 1034 1595 sive
1059 1565 1198 1606 aliquod
1224 1565 1388 1597 accidens
1406 1565 1496 1597 reale
1522 1565 1675 1596 additum
1697 1566 1813 1598 essen—

340 1624 406 1655 tiae
431 1623 603 1661 materiae,
630 1623 691 1654 sed
717 1623 827 1654 solum
853 1628 1049 1664 respectum
1080 1623 1133 1654 vel
1168 1622 1369 1654 relationem
1395 1623 1543 1663 aliquam
1570 1623 1682 1664 aliquo
1708 1624 1812 1655 modo

339 1682 373 1713 in
398 1681 474 1723 ipsa
498 1681 593 1712 nuda
618 1680 768 1712 essentia
794 1680 956 1711 materiae
982 1681 1171 1711 fundatam.
1198 1680 1239 1712 Et
1264 1680 1343 1721 quia
1373 1680 1473 1711 etiam
1500 1681 1613 1712 anima
1639 1686 1690 1712 est
1715 1681 1812 1722 quasi

339 1739 513 1771 materiale
546 1744 579 1770 et
604 1738 779 1780 passivum
813 1744 974 1779 respectu
1000 1738 1214 1769 sensibilium
1246 1737 1520 1781 intelligibilium,
1547 1738 1682 1770 videtur
1710 1738 1811 1771 etiarn

339 1797 432 1838 quod
473 1796 628 1838 potentia
662 1795 833 1828 sentiendi
875 1802 907 1827 et
947 1795 1161 1838 intelligendi
1194 1806 1265 1827 non
1305 1795 1422 1827 dicant
1460 1796 1541 1827 resf'
1580 1796 1812 1828 accidentales

339 1854 474 1886 additas
500 1854 564 1896 ipsi
590 1854 762 1886 essentiae
788 1853 933 1885 animae.

427 1912 498 1945 Sed
517 1912 596 1953 quia
621 1911 839 1943 evidentibus
865 1911 1056 1942 rationibus
1075 1911 1275 1952 oppositum
1294 1911 1426 1949 dicitur⁷
1445 1912 1524 1943 ideo
1543 1912 1789 1943 declarandum
1803 1912 1815 1928 ὅ

339 1976 391 2002 est
416 1970 510 2011 quod
546 1970 639 2001 nulla
673 1969 866 2000 substantia
903 1975 1017 2000 creata
1054 1975 1168 2010 potest
1205 1980 1282 2000 esse
1318 1980 1380 2000 sua
1417 1969 1570 2010 potentia
1602 1969 1722 2008 activa,
1748 1980 1813 2001 nec

339 2027 439 2060 etiam
465 2027 540 2059 talis
559 2027 713 2069 potentia
740 2027 877 2068 passiva
896 2026 1006 2068 qualis
1032 2026 1171 2068 ponitur
1188 2026 1353 2058 sensitiva
1377 2033 1409 2058 et
1435 2027 1641 2059 intellectiva
1658 2027 1813 2069 potentia

338 2085 372 2117 in
403 2085 526 2117 anima.
560 2084 710 2116 Primum
736 2090 830 2126 patet
855 2084 888 2115 in
915 2084 1116 2115 substantiis
1149 2084 1380 2115 materialibus
1410 2096 1450 2116 ex
1482 2084 1613 2116 ratione
1640 2085 1812 2126 patientis,

339 2143 418 2184 quia
450 2142 602 2174 essentia
634 2142 796 2174 materiae
830 2153 919 2183 quae
953 2148 1004 2173 est
1041 2142 1186 2183 primum
1224 2142 1401 2183 passivum
1439 2153 1510 2173 non
1548 2148 1663 2184 potest
1692 2143 1812 2185 attingi

338 2200 533 2233 immediate
552 2201 594 2231 ab
621 2200 736 2241 aliquo
762 2206 888 2242 agente
914 2205 1040 2235 creato,
1060 2199 1104 2230 ita
1130 2199 1261 2231 scilicet
1286 2200 1390 2240 quod,
1416 2206 1452 2231 ut
1478 2201 1599 2241 probat
1629 2200 1812 2232 Commen-

337 2264 426 2290 tator
444 2260 500 2298 (2),
526 2264 651 2289 octavo
685 2257 922 2299 physicorum,
949 2257 976 2288 si
1009 2263 1101 2288 esset
1126 2257 1267 2289 materia
1300 2257 1442 2289 omnino
1475 2257 1583 2299 prima
1615 2269 1685 2289 non
1720 2263 1812 2289 esset

338 2316 570 2358 susceptibilis
604 2315 748 2347 alicuius
780 2314 1088 2346 transmutationis.
1122 2315 1243 2357 Agens
1277 2326 1361 2358 ergo
1402 2316 1557 2346 naturale
1590 2326 1660 2347 non
1698 2321 1812 2356 potest

428 2456 586 2483 'accidens
606 2457 660 2489 est]
682 2460 727 2482 est
748 2456 884 2482 accidens
905 2457 934 2482 P.
957 2473 987 2474 j
1010 2457 1019 2471 ²¹
1034 2461 1062 2482 et
1083 2456 1110 2482 in
1132 2465 1188 2490 quo
1210 2473 1240 2475 —
1263 2458 1390 2491 passum]
1412 2465 1466 2482 om.
1482 2457 1511 2482 Ρ.
1533 2473 1564 2475 -
1585 2458 1595 2471 ³
1609 2456 1759 2482 formalem
1781 2457 1810 2483 P.

337 2518 369 2519 j
385 2502 393 2516 ⁴
407 2505 435 2527 et
456 2501 484 2526 P.
507 2517 538 2519 —
560 2502 569 2515 ὖ
582 2509 636 2526 0111.
658 2500 687 2526 Ρ.
702 2516 734 2518 a
750 2501 759 2514 ὓ
774 2500 951 2526 declaratum
973 2500 1001 2525 Ρ.

424 2605 463 2635 (l)
479 2603 536 2629 Cfr.
552 2603 726 2629 Henricus
747 2603 787 2628 de
809 2602 992 2633 Gandavo,
1014 2603 1128 2635 Qnorll„
1148 2603 1198 2631 ΙΙΙ,
1215 2611 1240 2636 q.
1257 2603 1368 2633 141t.l,
1383 2612 1409 2637 p.
1427 2604 1484 2631 107,
1505 2606 1566 2637 sq.).
1588 2619 1619 2621 —
1641 2605 1679 2634 (2)
1701 2603 1810 2629 Aver-

337 2646 423 2677 rois,
438 2647 638 2680 Plzysicorum,
653 2647 669 2672 l.
685 2647 762 2677 VIII,
776 2648 792 2672 4
806 2646 957 2675 (Velie-tiis,
975 2647 1049 2675 1550,
1064 2655 1091 2680 p.
1107 2647 1176 2673 155).
1192 2657 1201 2670 <‹
1219 2646 1402 2680 Impossibile
1418 2651 1461 2672 est
1476 2646 1594 2681 aIIquod
1611 2655 1661 2672 ens
1676 2647 1808 2681 generari

337 2699 352 2716 a
373 2695 452 2716 moto
473 2690 551 2725 quod
572 2694 616 2716 est
636 2690 664 2715 in
684 2690 815 2724 potentia
836 2698 888 2715 ens
908 2694 1027 2719 tantum,
1049 2689 1129 2715 verbi
1150 2690 1242 2724 gratia
1264 2699 1279 2715 a
1300 2690 1393 2724 prima
1411 2690 1531 2716 materia
1552 2690 1710 2716 secundum
1732 2691 1809 2725 quod

336 2738 433 2769 potest
454 2734 576 2769 intelligi
596 2734 673 2760 nuda
694 2743 709 2759 a
730 2733 822 2760 forma
843 2733 948 2759 nedum
969 2738 999 2759 ut
1019 2737 1173 2768 generetur
1193 2742 1228 2759 ex
1248 2742 1306 2760 non
1327 2742 1400 2760 esse.
1418 2744 1427 2757 x>
