2493 3458
726 444 920 480 QUARTUM
949 445 1245 479 QUODLIBETUM,
1275 446 1309 481 Q
1338 447 1351 472 I
1720 449 1765 473 231

390 534 582 573 Praeterea,
605 534 673 565 hoc
698 534 788 565 idem
814 539 936 575 quarto
962 535 1154 566 ostenditur
1171 546 1213 566 ex
1229 535 1361 567 ratione
1387 536 1572 567 identitatis
1599 537 1770 568 essentiae

300 590 555 623 individuorum
584 597 616 623 et
644 591 774 633 speciei
804 597 836 624 et
864 591 1002 634 generis
1031 598 1063 624 et
1092 592 1306 624 differentiae
1333 593 1365 624 in
1396 594 1523 635 specie,
1558 594 1645 625 Cum
1679 594 1769 625 enim

301 648 334 679 in
364 648 500 680 entibus
530 649 603 680 sola
631 649 768 690 species
802 649 1052 691 specialissima
1082 655 1133 681 est
1160 661 1249 691 quae
1278 651 1438 692 importat
1469 662 1530 692 per
1555 662 1591 683 se
1624 652 1769 683 formam

300 706 343 737 ab
383 706 448 737 alia
474 716 536 747 per
564 717 601 738 se
637 713 669 738 et
698 706 926 738 essentialiter
967 707 1172 746 distinctam,
1206 707 1340 739 videtur
1376 709 1470 749 quod
1497 720 1562 739 nec
1601 719 1769 751 generum

300 773 366 795 nec
398 763 665 795 differentiarum
697 763 739 795 sit
767 764 854 801 idea,
885 764 964 805 quia
990 775 1103 807 genus
1144 770 1177 796 et
1209 765 1402 797 differentia
1441 776 1512 797 non
1553 771 1632 797 sunt
1671 767 1769 808 plura

300 822 491 853 secundum
528 832 566 853 se
602 822 654 853 vel
692 822 883 853 secundum
921 832 1002 860 rem,
1043 823 1105 853 sed
1142 823 1253 853 solum
1294 824 1486 854 secundum
1529 824 1696 855 rationem
1737 829 1769 855 et

299 879 492 910 intellectus
510 878 825 911 considerationem
844 885 876 911 et
894 879 1152 911 accidentaliter
1176 890 1236 921 per
1261 880 1469 912 intellectum
1489 880 1767 913 considerantem

299 941 331 968 et
349 936 558 968 dividentem
576 947 665 977 quae
690 947 725 968 re
743 942 823 968 sunt
848 948 964 968 unum.
991 937 1059 969 Res
1085 937 1185 976 enim,
1205 937 1268 969 etsi
1289 937 1525 969 universaliter
1550 944 1583 969 et
1608 938 1768 970 distincte

297 993 532 1036 intelligantur
558 999 591 1025 et
619 993 892 1033 considerantur,
918 1005 989 1026 non
1015 1000 1129 1026 tamen
1157 995 1207 1027 sic
1231 1001 1321 1027 sunt.
1348 996 1449 1027 Unde
1477 1006 1595 1027 eorum
1621 1006 1691 1027 non
1717 1002 1768 1028 est

298 1051 375 1083 idea
414 1062 476 1093 per
515 1062 562 1083 se.
600 1051 670 1083 Sed
701 1062 762 1093 per
797 1051 909 1083 ideam
950 1052 1079 1094 speciei
1118 1063 1179 1094 per
1215 1064 1317 1093 quam
1353 1053 1506 1094 perfecte
1543 1053 1769 1095 cognoscitur

297 1108 433 1150 species
452 1109 615 1147 omnium,
634 1109 722 1150 qua¹
747 1120 824 1141 esse
849 1110 902 1141 vel
921 1110 1132 1141 considerari
1153 1111 1268 1149 habet,
1287 1116 1551 1151 cognoscuntur
1569 1111 1767 1142 huiusmodi

297 1177 386 1207 quae
411 1166 513 1198 etiam
550 1166 711 1198 differunt
744 1166 1003 1199 accidentaliter
1039 1168 1241 1209 operatione
1278 1168 1412 1211 agentis
1449 1169 1546 1210 plura
1579 1168 1612 1199 in
1645 1174 1767 1200 natura

296 1223 398 1255 unius
424 1224 595 1256 essentiae
619 1225 805 1266 specificae
842 1225 1075 1266 producentis,
1101 1230 1138 1256 ut
1162 1225 1339 1257 individua
1372 1237 1442 1257 non
1478 1227 1608 1257 habent
1644 1237 1705 1268 per
1730 1237 1767 1258 se

295 1281 361 1313 nisi
394 1293 499 1313 unam
534 1282 647 1314 ideam
684 1288 716 1314 et
750 1293 811 1324 per
846 1294 884 1315 se
920 1283 1077 1324 proprias
1109 1283 1206 1315 ideas
1241 1284 1370 1315 habere
1407 1294 1478 1315 non
1511 1289 1669 1325 possunt.
1695 1284 1766 1316 Sed

295 1339 402 1371 solius
433 1339 563 1382 speciei
598 1346 650 1372 est
685 1351 746 1382 per
781 1351 818 1372 se
855 1340 942 1379 idea,
980 1341 1059 1382 quia
1095 1352 1156 1383 per
1191 1341 1281 1372 illam
1319 1341 1543 1383 cognoscitur
1578 1353 1640 1383 per
1671 1352 1708 1373 se
1734 1348 1767 1374 et

295 1397 405 1438 primo
430 1397 567 1439 species
599 1398 792 1430 secundum
818 1409 864 1435 se,
892 1404 924 1429 et
950 1398 1048 1439 quasi
1074 1410 1115 1430 ex
1148 1399 1377 1440 consequenti
1402 1405 1435 1431 et
1459 1399 1666 1431 secundario
1693 1399 1766 1431 sive

295 1454 329 1486 in
354 1454 429 1496 ipsa
453 1455 571 1496 specie
589 1461 621 1487 et
645 1466 758 1498 genus
783 1461 816 1487 et
841 1467 962 1487 omnes
979 1456 1192 1488 differentiae
1210 1458 1402 1488 secundum
1421 1458 1514 1498 quod
1537 1458 1580 1488 ad
1598 1457 1767 1488 rationem

295 1512 425 1554 speciei
450 1513 692 1555 completivam
720 1513 892 1555 pertinent
921 1520 954 1545 et
983 1514 1084 1545 etiam
1110 1514 1226 1546 omnia
1250 1514 1429 1546 individua
1461 1514 1495 1546 in
1528 1515 1654 1556 quibus
1679 1516 1766 1547 haec

295 1570 447 1602 essentia
471 1570 739 1613 multiplicabilis
765 1577 825 1603 est.

383 1628 502 1660 Potest
542 1639 625 1671 ergo
666 1640 706 1660 ex
754 1629 806 1660 1115
855 1629 993 1661 formari
1032 1629 1118 1661 ratio
1162 1630 1206 1661 ad
1245 1630 1462 1672 propositum
1510 1631 1765 1663 ostendendum

294 1686 480 1718 formaliter
504 1686 564 1718 sic.
598 1686 695 1718 Sicut
727 1698 788 1728 per
820 1686 933 1719 ideam
973 1688 1162 1729 perfectam
1188 1687 1317 1729 speciei
1352 1688 1505 1729 perfecte
1543 1688 1767 1730 cognoscitur

293 1743 379 1776 ratio
408 1744 546 1786 generis
571 1749 608 1776 ut
636 1744 836 1786 incompleti
869 1750 902 1776 et
933 1745 1018 1776 ratio
1045 1745 1258 1777 differentiae
1284 1751 1320 1777 ut
1337 1746 1509 1787 completi,
1538 1757 1604 1777 nec
1633 1757 1673 1778 ex
1698 1747 1766 1779 hoc

293 1809 374 1834 sunt
393 1802 509 1844 plures
534 1802 633 1834 ideae
658 1802 761 1834 unius
779 1808 812 1834 et
829 1803 985 1834 eiusdem
1003 1803 1133 1845 speciei
1151 1809 1311 1845 respectu
1332 1803 1469 1846 generis
1488 1809 1521 1835 et
1541 1803 1764 1843 differentiae,

294 1870 440 1902 quorum
468 1865 584 1892 tamen
612 1859 698 1892 ratio
724 1860 826 1891 unius
851 1866 903 1892 est
932 1866 1026 1892 extra
1054 1861 1221 1893 rationem
1256 1861 1395 1893 alterius
1425 1867 1457 1893 et
1482 1861 1580 1903 quasi
1609 1862 1765 1894 diversos

292 1918 421 1961 gradus
461 1918 623 1949 formales
663 1919 857 1950 secundum
905 1918 1073 1950 rationem
1114 1919 1359 1951 considerandi
1402 1919 1597 1961 important,
1639 1939 1679 1943 —
1719 1920 1765 1952 ita

293 1975 395 2008 etiam
419 1981 580 2018 respectu
606 1976 819 2008 diversorum
845 1976 1101 2008 individuorum
1135 1988 1281 2018 quorum
1317 1977 1453 2019 species
1490 1983 1542 2009 est
1572 1984 1643 2009 tota
1679 1978 1764 2010 ratio

292 2033 445 2065 formalis
482 2039 515 2065 et
553 2033 756 2066 essentialis.
793 2035 867 2066 Nec
908 2034 1003 2066 addit
1042 2034 1257 2066 individuum
1297 2046 1402 2077 super
1444 2035 1596 2077 speciem
1637 2035 1764 2077 aliquid

292 2091 469 2132 pertinens
495 2092 539 2123 ad
574 2091 742 2124 rationem
772 2097 805 2123 et
842 2092 1028 2124 essentiam
1057 2092 1130 2124 eius
1159 2092 1193 2123 in
1218 2093 1276 2124 tali
1309 2093 1436 2134 specie.
1471 2093 1549 2125 Una
1581 2099 1614 2125 et
1643 2094 1764 2125 eadem

292 2148 379 2188 idea,
410 2159 499 2190 quae
529 2154 581 2181 est
608 2149 717 2191 ipsius
750 2149 880 2191 speciei
908 2161 969 2192 per
1000 2161 1047 2188 se7
1083 2156 1135 2181 est
1166 2156 1198 2182 et
1227 2150 1381 2182 omnium
1414 2150 1669 2182 individuorum
1699 2153 1763 2183 sul)

292 2206 356 2238 illa.
382 2207 457 2238 Nec
482 2207 547 2238 alia
576 2206 654 2238 idea
678 2212 730 2238 est
754 2208 976 2239 humanitatis
1002 2209 1197 2240 secundum
1227 2219 1265 2240 se
1293 2213 1325 2240 et
1353 2208 1575 2240 humanitatis
1605 2209 1707 2240 huius
1729 2215 1764 2240 ut

292 2264 325 2295 in
352 2264 421 2296 hoc
445 2264 635 2303 individuo,
661 2264 749 2296 sicut
776 2264 841 2296 alia
866 2271 918 2297 est
946 2265 1171 2297 humanitatis
1189 2271 1223 2297 et
1251 2265 1428 2297 asinitatis.
1448 2267 1550 2298 Unde
1572 2267 1677 2298 homo
1704 2277 1765 2308 per

292 2332 329 2353 se
355 2327 388 2354 et
412 2321 522 2363 primo
550 2323 656 2354 habet
688 2333 765 2354 esse
794 2323 837 2354 ad
866 2323 1091 2355 imitationem
1120 2323 1225 2355 divini
1254 2324 1467 2365 exemplaris,
1502 2325 1623 2356 Petrus
1649 2330 1763 2356 autem

291 2390 362 2411 non
380 2379 429 2411 510
454 2379 564 2421 primo
582 2385 615 2412 et
638 2390 700 2422 per
717 2391 764 2419 se,
783 2380 861 2412 licet
877 2380 992 2422 aliquo
1011 2382 1115 2412 modo
1140 2392 1202 2423 per
1219 2392 1265 2421 se,
1283 2381 1317 2412 in
1336 2387 1502 2422 quantum
1520 2387 1571 2413 est
1588 2383 1763 2423 quoddam

291 2448 353 2469 ens
378 2448 486 2469 unum
511 2438 610 2470 reale.
644 2438 715 2470 Sed
743 2449 815 2470 non
843 2439 947 2470 habet
975 2449 1053 2470 esse
1079 2439 1272 2470 secundum
1297 2439 1523 2471 imitationem
1550 2439 1655 2471 divini
1684 2451 1763 2472 esse

291 2505 353 2537 per
377 2506 414 2527 se
440 2500 473 2527 et
497 2495 607 2537 primo
632 2496 825 2528 secundum
851 2496 945 2537 quod
971 2501 1022 2528 est
1047 2497 1169 2528 Petrus
1196 2497 1329 2529 habens
1354 2497 1388 2528 in
1421 2508 1459 2529 se
1490 2498 1581 2529 hanc
1608 2497 1763 2529 humani-

290 2557 404 2591 tatem,
432 2554 435 2594 Ι
461 2553 523 2585 sed
548 2554 741 2586 secundum
766 2554 860 2595 quod
885 2555 990 2585 homo
1016 2554 1215 2596 simpliciter
1234 2555 1368 2586 habens
1393 2554 1427 2586 in
1453 2565 1490 2586 se
1515 2555 1762 2587 humanitatem

291 2609 509 2652 simplicium
550 2616 583 2643 et
624 2612 916 2653 quemadmodum
954 2611 1079 2644 accidit
1113 2612 1317 2644 humanitati
1355 2612 1553 2656 simpliciter
1591 2613 1683 2655 quod
1720 2613 1763 2651 sit

381 2737 389 2752 ¹
403 2745 460 2774 quo
474 2737 508 2767 V.

1819 2547 1884 2573 cod.
1899 2547 1924 2573 V

1785 2582 1834 2608 fol.
1849 2584 1899 2609 281
1914 2583 1955 2609 Va
