2493 3458
672 443 722 467 180
1034 439 1223 466 MAGISTNJ
1255 439 1473 466 GODEFRIDI
1505 439 1556 466 DE
1585 439 1782 466 FON‘HBL'S

759 531 860 563 Circa
896 530 1041 572 primum
1078 530 1309 572 quaerebatur
1345 540 1460 568 unum,
1488 529 1647 561 videlicet
1684 535 1794 560 utrum
1830 535 1952 561 natura
1984 529 2143 571 angelica

670 589 712 621 sit
744 588 938 630 composita
964 599 1004 620 ex
1040 599 1121 619 vera
1154 588 1295 619 materia
1328 594 1360 619 et
1394 598 1474 618 vera
1515 587 1633 618 forma.
1667 587 1707 618 Iit
1740 588 1949 629 arguebatur
1981 587 2074 629 quod
2100 587 2142 619 ad

670 652 826 678 naturam
855 652 888 678 ct
920 645 1147 677 substantiam
1181 645 1294 687 angeli
1330 644 1475 686 pertinet
1512 656 1592 676 vera
1625 644 1776 683 materia,
1809 644 1888 686 quia
1923 655 2027 676 omne
2051 655 2144 676 com-

670 703 819 746 positum
838 709 890 736 est
915 703 1146 746 compositum
1165 713 1205 735 ex
1225 708 1302 734 actu
1333 708 1365 734 et
1394 702 1569 744 potentia3
1595 713 1673 734 nam
1704 702 1801 744 plura
1829 713 1900 733 non
1929 702 2144 734 constituunt

669 773 732 794 sua
761 761 1014 804 compositione
1033 772 1149 799 unum,
1179 760 1243 792 nisi
1269 761 1411 792 alterum
1438 760 1480 792 sit
1506 766 1541 791 ut
1567 759 1721 802 potentia
1747 766 1780 792 et
1807 760 1950 791 alterum
1976 766 2011 792 ut
2035 766 2142 792 actus.

670 820 740 851 Sed
766 825 888 852 natura
913 819 1071 860 angelica
1096 824 1147 850 est
1172 818 1386 860 composita3
1423 817 1575 859 alioquin
1609 823 1701 849 esset
1736 824 1834 849 actus
1868 828 1975 860 purus
2009 823 2042 850 et
2074 828 2144 849 non

670 878 848 910 recederet
895 888 913 909 a
955 887 1089 909 summa
1128 876 1345 918 simplicitate
1386 875 1493 917 primi.
1536 875 1630 918 Ergo
1679 876 1723 907 ad
1759 881 1915 907 naturam
1951 875 2144 918 angelicam

671 935 843 978 pertinent
869 941 967 967 actus
992 941 1025 966 et
1050 933 1214 976 potentia.

761 993 895 1026 Deinde
927 993 1138 1035 arguebatur
1177 991 1272 1033 quod
1305 991 1516 1032 ubicumque
1549 997 1599 1023 est
1629 990 1783 1033 potentia
1824 990 1984 1023 distincta
2025 997 2145 1023 contra

670 1057 784 1084 actum
810 1050 941 1083 scilicet
968 1049 1204 1092 receptivahn]
1231 1049 1283 1080 vel
1310 1048 1459 1090 passiva,
1486 1048 1530 1080 ibi
1557 1054 1609 1080 est
1634 1048 1784 1080 materia.
1811 1049 1897 1080 Nam
1924 1048 2012 1080 sicut
2037 1048 2146 1081 forma

670 1114 722 1141 est
747 1108 893 1151 primum
919 1107 1125 1150 principium
1162 1107 1215 1138 vel
1249 1106 1356 1148 prima
1394 1106 1479 1137 ratio
1515 1106 1654 1147 agendi,
1688 1106 1733 1137 ita
1768 1106 1913 1148 primum
1940 1106 2145 1148 principium

670 1167 723 1199 vel
753 1166 860 1209 prima
890 1166 976 1198 ratio
1002 1165 1154 1207 patiendi
1184 1170 1235 1196 est
1267 1164 1418 1195 materia.
1445 1164 1543 1196 Sicut
1570 1174 1654 1204 ergo
1680 1164 1773 1205 quod
1799 1170 1893 1195 caret
1918 1164 2010 1196 omni
2037 1164 2147 1196 forma

670 1225 765 1257 nullo
790 1224 895 1256 modo
931 1229 983 1255 est
1016 1222 1175 1260 activum,
1213 1222 1258 1253 ita
1290 1222 1384 1263 quod
1420 1228 1513 1253 caret
1539 1221 1632 1252 omni
1670 1221 1811 1253 materia
1844 1222 1938 1253 nullo
1963 1222 2070 1253 modo
2095 1227 2147 1255 est

670 1282 847 1325 passivum
899 1282 953 1313 vel
993 1281 1215 1322 receptivum.
1258 1280 1350 1321 Ergo
1390 1290 1467 1311 cum
1509 1279 1542 1311 in
1590 1279 1724 1321 angelis
1764 1279 1806 1311 sit
1846 1279 1975 1321 aliquid
2015 1279 2147 1312 ratione

670 1340 768 1373 cuius
793 1345 873 1372 sunt
897 1339 1012 1380 aliquo
1035 1339 1140 1370 modo
1165 1337 1354 1379 aliquarum
1380 1337 1632 1379 perfectionum
1656 1337 1820 1379 receptivi
1846 1343 1879 1369 et
1903 1337 2018 1379 aliquo
2043 1338 2147 1370 modo

671 1397 812 1441 passivi,
837 1397 871 1429 in
890 1397 939 1429 eis
965 1402 1016 1429 est
1041 1406 1121 1428 vere
1146 1395 1286 1427 materia
1313 1401 1345 1427 et
1370 1401 1494 1427 cetera.

761 1455 901 1487 Contra.
939 1453 1107 1496 Operatio
1144 1453 1191 1485 rei
1224 1459 1275 1485 est
1309 1453 1501 1485 secundum
1539 1453 1679 1485 modum
1706 1453 1922 1485 substantiae
1958 1453 2042 1485 eius.
2077 1453 2147 1486 Sed

671 1513 863 1556 intelligere
899 1513 992 1554 quod
1029 1517 1081 1543 est
1117 1511 1273 1553 operatio
1309 1510 1423 1551 angeli
1459 1516 1511 1542 est
1544 1510 1702 1552 operatio
1736 1510 1879 1542 omnino
1905 1510 2147 1550 immaterialis,

672 1578 705 1604 et
730 1577 854 1604 cetera.

760 1629 956 1661 Dicendum
991 1628 1085 1670 quod
1121 1627 1256 1659 videtur
1292 1626 1522 1668 aliquil›us(l)
1557 1627 1650 1668 quod
1683 1637 1830 1659 necesse
1862 1633 1914 1659 est
1946 1626 1980 1658 in
2014 1626 2148 1670 angelis

671 1698 803 1730 ponere
828 1697 943 1719 veram
968 1685 1155 1723 materiam,
1181 1696 1271 1726 quae
1300 1684 1381 1717 dicit
1415 1684 1604 1727 potentiam
1629 1684 1830 1726 simpliciter
1853 1685 1897 1716 ad
1923 1695 2000 1717 esse
2026 1695 2148 1717 secun-

672 1747 753 1778 dum
778 1745 923 1777 formam
948 1743 1220 1776 substantialem.
1247 1743 1335 1774 Nam
1360 1743 1554 1774 secundum
1587 1742 1764 1774 veritatem
1801 1742 1891 1782 fidei,
1917 1742 2033 1786 angeli
2069 1753 2149 1775 vere

672 1803 857 1846 patiuntur,
883 1802 1075 1835 secundum
1101 1801 1183 1833 illud
1212 1801 1377 1832 Matthaei
1403 1800 1572 1843 xigesimo
1597 1799 1718 1842 quinto
1741 1802 1812 1841 (⁶2):
1839 1800 1886 1832 Ite
1915 1800 2089 1833 maledicti
2114 1800 2148 1832 in

672 1862 788 1905 ignem
814 1866 992 1893 aeternum
1018 1865 1050 1892 et
1076 1865 1199 1891 cetera.
1227 1858 1298 1891 Sed
1327 1858 1422 1900 quod
1451 1864 1503 1890 est
1533 1857 1684 1890 immune
1710 1869 1729 1890 a
1754 1857 1895 1890 materia
1921 1864 1973 1891 est
1997 1857 2149 1890 immune

673 1930 693 1951 a
717 1918 882 1962 passione
907 1917 1101 1950 seeundum
1127 1916 1367 1959 philosophos.

761 1977 854 2016 Item,
890 1976 986 2008 solus
1016 1976 1113 2007 Deus
1145 1980 1198 2007 est
1235 1973 1466 2013 immutabilis,
1503 1981 1536 2006 et
1561 1974 1754 2006 secundum
1780 1973 2027 2017 Augustinum,
2065 1974 2149 2006 duo-

673 2034 809 2068 decimo
827 2033 1099 2067 Confessionum
1114 2034 1170 2073 (3),
1200 2032 1258 2064 ubi
1285 2038 1319 2064 et
1346 2032 1499 2071 mutatio,
1525 2031 1571 2063 ibi
1596 2031 1746 2064 materia.
1774 2031 1868 2075 Ergo
1894 2042 1973 2064 cum
1999 2032 2146 2075 angelus

674 2093 716 2125 sit
740 2092 924 2131 mutabilis,
949 2091 983 2123 in
1008 2102 1050 2123 eo
1076 2096 1129 2123 est
1153 2089 1304 2122 materia.

762 2151 855 2189 Item,
881 2149 1074 2182 secundum
1093 2147 1278 2180 Boethium
1293 2150 1350 2189 (4),
1369 2147 1479 2190 primo
1497 2148 1540 2180 de
1557 2147 1734 2187 Trinitate‚
1753 2147 1852 2180 tertio
1871 2147 2032 2190 capitulo,
2051 2147 2149 2180 Deus

673 2208 866 2241 subiectum
903 2217 982 2240 esse
1017 2217 1088 2239 non
1124 2211 1260 2248 potest:
1297 2206 1408 2237 forma
1440 2205 1531 2238 enim
1564 2211 1626 2245 est,
1660 2205 1792 2238 formae
1828 2211 1943 2238 autem
1969 2205 2148 2238 subiectae

673 2277 752 2300 esse
783 2276 855 2298 non
887 2270 1044 2308 possunt.
1070 2264 1140 2297 Sed
1165 2263 1312 2307 angelus
1337 2269 1390 2295 est
1414 2263 1647 2306 susceptibilis
1675 2263 1806 2306 gratiae
1832 2269 1865 2295 et
1900 2263 2042 2307 gloriae,
2075 2262 2148 2295 vitii

675 2330 709 2358 et
732 2323 876 2356 virtutis

765 2521 804 2554 (1)
823 2520 856 2547 V.
870 2529 912 2555 gr.
933 2519 1004 2546 Bou
1013 2528 1028 2546 a
1038 2528 1054 2545 x·
1065 2523 1146 2545 entu
1155 2527 1167 2544 r
1176 2528 1192 2545 a
1212 2517 1247 2544 In
1263 2517 1298 2544 II
1310 2517 1326 2544 l.
1341 2518 1481 2549 Sentent„
1493 2518 1519 2544 d.
1531 2518 1582 2551 111,
1593 2527 1620 2553 p.
1634 2520 1656 2551 l,
1668 2522 1719 2544 art.
1732 2519 1755 2544 1.
1766 2533 1799 2537 —-
1810 2519 1849 2550 (2)
1861 2517 1978 2552 Evang.
1988 2515 2149 2543 secundumn

676 2563 791 2597 Matth,
810 2565 900 2597 XXV,
918 2565 979 2590 41...
1000 2563 1150 2589 Discedite
1171 2571 1186 2588 a
1206 2571 1253 2588 me
1276 2561 1423 2588 maledicti
1447 2562 1475 2588 in
1498 2562 1596 2597 ignem
1619 2566 1777 2588 aeter-num.
1791 2572 1802 2585 »
1827 2577 1860 2580 —
1881 2562 1920 2593 (3)
1939 2559 2150 2595 Augustini

677 2608 906 2642 Confessionmn
920 2607 937 2633 l.
951 2607 1015 2639 XII,
1029 2615 1053 2633 c.
1067 2608 1084 2632 6
1097 2610 1126 2632 et
1140 2607 1173 2632 19
1188 2606 1229 2638 (P.
1245 2606 1275 2632 L.
1285 2606 1341 2631 vol.
1356 2606 1398 2637 32,
1413 2606 1467 2632 col.
1481 2607 1532 2632 828
1546 2610 1575 2631 et
1589 2607 1661 2638 836).
1675 2621 1708 2624 —
1721 2607 1760 2638 (4)
1776 2604 1917 2631 Boethii
1941 2604 1985 2630 De
2002 2603 2151 2630 Trinitate

675 2653 692 2678 1.
714 2653 735 2685 1,
756 2661 779 2678 c.
793 2654 809 2678 2
828 2652 870 2685 (P.
891 2651 931 2683 L.‚
950 2651 1007 2677 vol.
1027 2652 1070 2683 64,
1090 2650 1145 2676 col.
1167 2651 1266 2676 1250›:
1289 2661 1299 2673 <-
1317 2649 1464 2683 Quocirca
1483 2650 1538 2675 hoc
1558 2658 1628 2675 vere
1646 2658 1744 2680 unum,
1763 2648 1792 2674 in
1813 2657 1870 2683 quo
1890 2648 1985 2674 nullus
2004 2655 2151 2679 numerus,

675 2696 785 2722 nullum
805 2695 834 2721 in
854 2703 888 2721 eo
909 2694 988 2721 aliud
1007 2698 1211 2729 praeterquam
1233 2693 1262 2719 id
1283 2693 1361 2728 quod
1381 2697 1433 2725 est,
1453 2701 1548 2727 neque
1568 2692 1645 2719 enim
1664 2692 1828 2719 subiectum
1848 2691 1910 2718 fieri
1924 2695 2040 2726 potest3
2057 2690 2151 2717 forma

677 2740 753 2766 enim
767 2743 820 2772 est,
834 2738 946 2765 formae
959 2746 1030 2764 vero
1044 2737 1195 2764 subiectae
1209 2745 1275 2763 esse
1288 2745 1346 2763 non
1360 2740 1483 2772 possunt
1495 2746 1517 2762 ³).
