2493 3458
754 423 927 449 TERTIUM
957 423 1253 456 QUODMBETUM,
1283 423 1318 456 Q.
1348 423 1387 448 lv
1756 423 1802 446 3¹¹

335 512 459 547 sophum
477 514 517 544 (1)
544 511 638 546 primo
666 511 702 537 de
728 511 936 543 Generafione,
957 511 1064 545 duplex
1085 515 1128 537 est
1149 510 1310 545 generatio,
1332 510 1444 537 scilicet
1466 511 1617 543 generatio
1638 509 1808 544 simpliciter

337 559 614 594 quaetterm’rnatur
643 559 679 584 ad
710 558 912 590 substantiam,
942 563 970 584 et
999 558 1150 592 generatio
1182 557 1341 584 secundum
1371 558 1439 592 quid
1469 566 1544 592 quae
1574 557 1742 583 terminatur
1771 557 1807 582 ad

336 607 483 633 accidens.
513 606 572 632 Sed
602 606 694 632 omnis
723 607 875 639 generatio
902 606 1072 631 terminatur
1099 605 1135 631 ad
1161 605 1280 639 aliquod
1306 613 1380 631 esse.
1403 606 1480 639 Ergo
1506 609 1622 639 praeter
1645 613 1708 630 esse
1730 604 1808 638 quod

336 654 525 688 consequitur
556 654 678 680 formam
711 654 933 679 substantialem
965 658 1082 688 oportet
1114 661 1223 687 ponere
1259 652 1337 678 aliud
1368 662 1434 678 esse
1470 653 1547 686 qu‹›d
1583 653 1807 685 consequatur¹

335 701 459 728 formam
495 703 497 734 Ι
533 701 744 727 accidentalem
765 702 782 726 ².
814 717 844 719 —
874 701 972 726 Tertia
1001 700 1067 726 talis
1096 704 1148 726 est.
1178 700 1250 726 Esse
1279 704 1323 726 est
1356 705 1438 725 actus
1470 699 1616 725 essentiae
1648 699 1808 724 formaliter

335 749 492 784 perficiens
512 758 584 775 eam.
608 749 666 774 Sed
690 749 850 775 secundum
875 757 1025 774 numerum
1046 747 1273 782 perfectibilium
1298 752 1413 782 oportet
1436 756 1546 782 ponere
1569 756 1719 772 numerum
1743 755 1809 780 pro-

335 797 463 831 priarum
484 797 494 812 ³
523 796 744 831 perfectionum.
775 796 852 830 Ergo
883 801 953 830 quot
982 800 1048 821 sunt
1076 795 1189 821 formae
1214 794 1243 820 in
1270 795 1384 823 eodem.
1404 799 1446 820 tot
1470 799 1585 828 oportet
1609 803 1718 828 ponere
1744 802 1809 819 esse

335 844 518 879 perficientia
548 844 647 878 ipsas:
677 843 804 878 alioquin
832 843 887 869 nisi
916 851 1110 877 unaquaeque
1130 842 1320 876 perficeretur
1343 851 1395 867 suo
1419 851 1493 873 esse,
1513 851 1570 867 non
1591 841 1756 867 existerent.
1777 856 1810 859 —-

337 891 449 926 Quarta
468 891 547 917 *talis
580 895 631 918 est.
663 890 952 917 Transsubstantiata
985 889 1147 916 substantia
1180 889 1273 924 panis,
1305 894 1422 915 manent
1452 889 1614 915 accidentia
1643 894 1671 914 et
1703 889 1811 914 habent

336 947 411 965 esse.
432 939 491 965 Sed
511 948 568 964 non
589 943 686 973 potest
707 938 764 964 dici
785 938 862 972 quod
883 942 950 963 tunc
972 937 1119 971 quantitas
1134 939 1142 951 ⁴
1157 946 1221 962 cum
1238 937 1300 963 aliis
1315 937 1515 962 accidentibus
1531 938 1635 962 habeat
1655 945 1728 968 esse,
1744 935 1811 970 quia

337 990 382 1013 est
401 986 429 1012 in
450 986 592 1012 existente
613 987 770 1017 substrato,
784 994 849 1011 cum
870 986 925 1011 hoc
947 986 983 1011 sit
1003 984 1166 1010 substantia
1187 993 1261 1018 quae
1281 994 1339 1010 non
1359 989 1464 1010 manet.
1481 985 1557 1017 Ergo
1579 987 1695 1018 oportet
1714 983 1812 1009 dicere

337 1034 416 1068 quod
445 1038 513 1060 tunc
540 1034 687 1068 quantitas
715 1034 821 1059 habeat
851 1042 916 1058 esse
940 1042 992 1067 per
1014 1037 1111 1058 actum
1135 1032 1252 1058 essendi
1276 1032 1437 1057 formaliter
1460 1032 1660 1066 perficientem
1685 1031 1777 1066 ipsam
1793 1030 1811 1055 ⁵.

337 1082 415 1116 Ergo
445 1086 474 1107 et
503 1081 659 1107 similiter⁰
687 1082 814 1107 habebat
843 1081 931 1106 talem
961 1084 1057 1106 actum
1080 1079 1197 1105 essendi
1221 1089 1284 1105 cum
1309 1084 1387 1105 esset
1410 1079 1438 1105 in
1461 1079 1603 1105 subiecto.
1626 1095 1655 1097 —
1677 1079 1706 1105 Si
1731 1080 1813 1106 dicas

337 1129 417 1164 quod
445 1138 511 1161 non⁷
541 1129 608 1163 quia
636 1129 716 1163 prius
746 1132 808 1154 erat
837 1132 946 1154 tantum
977 1136 1029 1162 per
1057 1136 1122 1153 esse
1152 1127 1331 1152 substantiae
1356 1131 1384 1152 et
1407 1131 1511 1160 postea
1536 1127 1623 1152 habet
1646 1135 1711 1152 esse
1733 1127 1811 1153 aliud

338 1177 417 1211 quod
438 1185 503 1203 earn
522 1176 685 1202 formaliter
704 1176 827 1211 perficit,
849 1184 906 1201 non
931 1175 1027 1207 valet3
1056 1175 1123 1209 quia
1143 1179 1254 1200 mutato
1278 1183 1343 1200 esse
1363 1174 1530 1200 necessario
1554 1178 1681 1199 mutatur
1700 1183 1745 1200 res
1766 1175 1812 1200 vel

337 1224 498 1250 secundum
527 1224 656 1258 speciem
686 1225 732 1250 vel
762 1223 921 1250 secundum
951 1232 1110 1255 numerum,
1131 1226 1159 1248 et
1179 1222 1220 1248 sic
1243 1231 1300 1248 non
1325 1226 1455 1248 maneret
1478 1222 1554 1248 idem
1576 1221 1713 1247 accidens
1733 1222 1812 1256 quod

337 1276 383 1298 est
402 1271 621 1298 inconveniens.

427 1320 461 1345 Et
491 1320 557 1345 ideo
586 1320 669 1345 aliter
699 1324 741 1345 est
772 1319 936 1350 dicendum,
965 1318 1079 1344 scilicet
1107 1318 1186 1352 quod
1209 1318 1237 1343 in
1261 1318 1365 1343 eodem
1383 1318 1391 1332 ⁷
1413 1326 1471 1343 non
1495 1322 1537 1343 est
1560 1317 1614 1342 nisi
1636 1326 1722 1342 unum
1748 1326 1812 1343 esse

337 1367 508 1401 simpliciter
531 1367 609 1401 quod
633 1372 676 1393 est
700 1376 765 1393 esse
789 1366 980 1392 substantiale
1004 1370 1031 1391 et
1056 1365 1134 1399 quod
1158 1369 1279 1391 vocatur
1302 1374 1367 1391 esse
1391 1365 1605 1396 subsistentiae.
1626 1364 1678 1390 sed
1698 1369 1814 1398 praeter

336 1415 394 1441 hoc
422 1423 486 1441 esse
515 1420 580 1440 sunt
610 1415 692 1449 plura
722 1424 787 1440 esse
816 1414 976 1439 secundum
1001 1413 1078 1447 quid,
1099 1418 1127 1438 et
1147 1417 1190 1438 tot
1210 1417 1281 1447 quot
1303 1416 1369 1438 sunt
1389 1412 1428 1437 ibi
1448 1412 1559 1438 formae
1584 1412 1781 1438 accidentales
1796 1413 1813 1437 ἦ

337 1463 373 1488 Et
401 1462 468 1497 quia
492 1463 588 1488 omnia
619 1462 675 1488 alia
690 1463 700 1477 ¹²
724 1463 880 1488 innituntur
907 1461 962 1495 ipsi
981 1462 999 1475 ¹⁰
1025 1470 1088 1487 esse
1112 1460 1283 1495 simpliciter
1305 1460 1367 1486 sive
1391 1460 1552 1494 accipiatur
1574 1468 1640 1486 esse
1669 1460 1813 1485 essentiae

337 1509 400 1536 sive
431 1519 496 1536 esse
526 1510 707 1542 existentiae.
733 1509 800 1535 ideo
830 1509 900 1535 illud
932 1517 996 1534 esse
1026 1508 1197 1542 simpliciter
1223 1512 1267 1534 est
1293 1507 1389 1542 aliquo
1416 1507 1504 1533 modo
1531 1516 1596 1533 esse
1623 1507 1759 1537 omnium,
1786 1511 1814 1533 et

337 1562 477 1592 quantum
507 1557 543 1583 ad
573 1558 627 1584 hoc
657 1557 791 1583 dicuntur
820 1556 917 1582 omnia
947 1556 1100 1582 existentia
1129 1556 1157 1581 in
1186 1564 1244 1581 uno
1274 1564 1338 1581 esse
1362 1564 1448 1581 unum
1472 1555 1631 1581 secundum
1659 1563 1724 1580 esse
1749 1555 1778 1580 in
1795 1555 1814 1569 ¹¹

338 1609 478 1640 quantum
499 1606 535 1631 ab
556 1614 621 1631 esse
642 1605 691 1631 tali
712 1605 809 1630 onmia
829 1604 1014 1639 ‹iependent3
1035 1607 1063 1630 et
1083 1604 1157 1629 sicut
1177 1612 1243 1629 esse
1263 1603 1299 1629 ab
1321 1612 1394 1635 esse,
1413 1603 1453 1628 ita
1471 1603 1599 1628 essentia
1621 1603 1657 1628 ab
1678 1602 1813 1628 essentia.

334 1654 373 1679 Et
403 1662 438 1678 ex
467 1654 522 1678 ista
556 1653 752 1688 dependentia
782 1653 927 1678 invenitur
957 1651 1093 1686 analogia
1122 1652 1149 1676 in
1179 1651 1302 1683 entibus,
1325 1659 1383 1676 non
1404 1655 1499 1676 antem
1521 1654 1641 1685 propter
1659 1650 1715 1675 hoc
1736 1649 1815 1684 quod

336 1709 395 1726 non
425 1701 461 1726 sit
489 1705 599 1727 tantum
630 1700 683 1726 nisi
714 1710 787 1726 unus
817 1704 899 1725 actus
929 1699 1044 1725 essendi
1079 1699 1328 1733 qualitercumque
1358 1698 1385 1723 in
1415 1698 1528 1724 eodem.
1558 1698 1593 1723 Et
1623 1697 1690 1723 ideo
1720 1697 1814 1723 anima

337 1752 474 1783 separata
494 1758 551 1774 non
572 1749 677 1774 retinet
697 1756 811 1773 omnem
830 1748 849 1762 ¹2
870 1753 964 1773 actum
981 1747 1096 1772 essendi
1119 1746 1167 1781 qui
1187 1751 1249 1772 erat
1270 1746 1297 1771 in
1318 1747 1433 1771 homine
1455 1746 1537 1771 cuius
1558 1751 1619 1771 erat
1640 1745 1742 1776 forma,
1762 1745 1814 1770 sed

336 1800 449 1822 tantum
478 1805 544 1822 esse
573 1796 686 1821 actuale
716 1795 908 1821 substantiale
932 1799 960 1820 et
983 1803 1047 1820 esse
1072 1794 1264 1820 accidentalia
1291 1793 1403 1819 illorum
1430 1793 1624 1819 accidentium
1651 1801 1726 1827 quae
1749 1797 1815 1818 sunt

337 1844 429 1869 solius
449 1844 562 1869 animae
583 1848 611 1869 et
630 1852 688 1869 non
710 1842 865 1869 coniuncti.
887 1843 921 1868 Et
941 1851 993 1876 per
1013 1843 1067 1868 hoc
1090 1846 1170 1876 patet
1192 1842 1228 1867 ad
1248 1841 1389 1867 rationem
1411 1841 1587 1875 opponentis
1604 1842 1630 1866 ¹³².

428 1892 475 1917 Ad
496 1891 618 1926 primum
641 1900 711 1925 ergo
733 1890 810 1925 quod
831 1890 870 1916 illi
891 1890 926 1916 de
947 1890 1003 1915 alia
1027 1889 1163 1924 opinione
1187 1889 1335 1921 inducunt.
1360 1889 1515 1914 dicendum
1539 1888 1618 1922 quod
1641 1888 1710 1913 illud
1732 1896 1815 1922 argu-

337 1943 466 1966 mentum
488 1948 546 1964 non
567 1938 724 1969 concludit,
745 1938 799 1964 nisi
820 1938 898 1972 quod
918 1937 947 1963 in
968 1937 1069 1964 eodem
1091 1946 1148 1962 non
1169 1937 1205 1962 sit
1226 1937 1280 1962 nisi
1301 1945 1388 1962 unum
1413 1945 1478 1961 esse
1499 1937 1613 1962 actuale
1637 1935 1815 1970 simpliciter,

336 1996 396 2014 non
417 1991 513 2013 autem
533 1986 682 2012 concludit
703 1986 770 2020 quin
792 1995 856 2012 cum
877 1985 927 2011 tali
941 1994 1006 2011 esse
1022 1985 1079 2010 sint
1100 1985 1188 2010 multa
1210 1993 1274 2010 esse
1294 1984 1454 2010 secundum
1476 1984 1553 2018 quid.
1575 1992 1649 2018 quae
1669 1988 1735 2009 sunt
1749 1992 1815 2009 esse

337 2034 540 2065 accidentalia,
570 2035 637 2068 quia
664 2034 733 2059 illud
760 2042 824 2060 esse
848 2033 1018 2067 simpliciter
1042 2037 1085 2058 est
1115 2033 1194 2066 quod
1223 2032 1412 2066 consequitur
1436 2031 1557 2057 formam
1584 2031 1814 2057 substantialem.

337 2099 371 2102 -—
394 2082 441 2108 Ad
461 2082 620 2108 secundum
641 2086 722 2116 patet
742 2090 777 2106 ex
801 2081 887 2106 dictis
901 2083 928 2111 Ν,
955 2082 957 2113 l
985 2081 1051 2115 quia
1072 2089 1146 2114 quae
1167 2084 1233 2105 sunt
1257 2079 1285 2105 in
1305 2088 1362 2105 uno
1386 2079 1520 2105 (licuntur
1543 2088 1629 2104 unum
1653 2078 1813 2104 secundum

337 2138 412 2162 esse,
426 2129 455 2155 in
475 2134 612 2164 quantum
634 2137 698 2154 esse
719 2129 890 2163 simpliciter
904 2132 947 2154 est
962 2128 1179 2162 quodammodo
1200 2136 1264 2153 esse
1286 2127 1413 2152 omnium
1434 2126 1554 2152 alioruin
1576 2126 1600 2152 ei
1622 2126 1813 2152 innitentium.

337 2193 371 2196 —-
392 2177 439 2203 Ad
459 2177 575 2203 tertium
596 2176 727 2202 similiter
750 2180 838 2211 patet,
861 2176 927 2210 quia
943 2177 963 2190 ¹⁵
985 2175 1149 2201 accidentia
1172 2184 1229 2200 non
1254 2175 1388 2200 dicuntur
1408 2183 1472 2200 esse
1493 2174 1547 2199 nisi
1568 2174 1634 2208 quia
1655 2179 1721 2199 sunt
1741 2174 1815 2199 entis

338 2229 460 2260 propter
478 2225 534 2250 hoc
561 2224 639 2258 quod
665 2233 748 2250 suum
774 2223 923 2258 proprium
947 2232 1012 2249 esse
1035 2232 1092 2248 non
1115 2228 1238 2257 possunt
1260 2223 1368 2248 habere
1391 2222 1445 2247 nisi
1469 2226 1499 2247 ut
1522 2221 1648 2247 innixum
1673 2221 1727 2255 ipsi
1751 2230 1816 2247 esse

338 2272 509 2307 simpliciter
524 2272 602 2306 quod
617 2276 661 2297 est
676 2280 740 2297 esse
755 2271 954 2297 substantiale.
976 2287 1007 2289 --
1023 2271 1068 2296 Ad
1089 2275 1220 2305 quartum
1242 2270 1397 2296 dicendum
1419 2270 1497 2304 quod
1518 2269 1593 2295 sicut
1613 2278 1668 2294 una
1689 2269 1816 2295 essentia

431 2420 438 2434 ¹
458 2418 646 2452 consequitur
667 2418 698 2443 C.
720 2433 751 2436 —
774 2418 783 2432 ²
803 2426 874 2448 ergo
895 2424 921 2442 et
938 2422 1034 2442 cetera
1057 2417 1123 2441 add.
1146 2417 1176 2442 (j.
1199 2432 1230 2434 —
1252 2416 1262 2430 s‘
1281 2425 1335 2441 οιιι.
1352 2417 1383 2441 C.
1406 2431 1438 2434 —
1454 2417 1461 2430 ⁴
1477 2425 1530 2441 0111.
1553 2416 1584 2441 (j,
1599 2431 1631 2433 —
1653 2417 1662 2429 ⁵
1676 2416 1770 2449 ipsum
1786 2415 1815 2440 P.

338 2482 372 2486 ——
393 2467 403 2481 ‘³
422 2467 450 2501 ip
471 2463 538 2492 beat
559 2467 625 2491 add.
649 2468 677 2491 et
696 2468 819 2499 txpnnx.
842 2466 873 2490 (ἶ.
896 2481 925 2483 -
950 2466 956 2479 7
977 2464 1111 2490 subiecto
1132 2464 1199 2489 sulti.
1224 2464 1255 2489 C.
1277 2480 1309 2482 —
1334 2466 1343 2477 ⁵
1363 2463 1402 2489 ibi
1422 2479 1454 2482 —-
1476 2463 1683 2496 accidentales]
1704 2462 1816 2488 formae

339 2510 538 2536 accidentales
559 2510 597 2534 ilii
614 2510 645 2535 C.
668 2525 698 2527 —
720 2510 729 2523 ⁰
749 2518 814 2534 esse
834 2509 902 2533 add.
925 2509 956 2534 (J.
978 2524 1009 2526 —
1027 2510 1046 2522 ¹¹
1060 2508 1123 2542 ipsa
1140 2508 1169 2532 ιἰι
1186 2507 1239 2541 ipsi
1255 2516 1330 2532 corr.
1347 2507 1378 2533 C.
1394 2523 1426 2526 -
1443 2508 1462 2522 ¹¹
1477 2516 1531 2532 0111.
1546 2507 1565 2531 S
1578 2515 1583 2535 ;
1598 2507 1665 2532 add.
1681 2513 1714 2531 211
1735 2516 1770 2531 m.
1787 2507 1815 2532 S.

339 2570 373 2577 —.
391 2554 409 2568 ¹²
423 2562 509 2579 unuin
526 2554 558 2579 C.
573 2569 604 2571 —
623 2554 641 2567 ¹³
655 2552 861 2587 respondentis
877 2553 908 2577 (².
928 2568 956 2569 j
976 2553 993 2566 ¹⁴
1009 2561 1042 2577 ex
1060 2551 1155 2584 dictis]
1171 2560 1224 2576 0111.
1240 2551 1271 2576 C.
1287 2567 1319 2569 —
1337 2552 1356 2565 ¹⁵
1370 2550 1502 2576 similiter
1517 2566 1548 2569 —
1564 2550 1640 2584 quia]
1661 2550 1816 2576 dicendum

339 2597 419 2632 quod
440 2597 472 2623 C.

428 2711 467 2741 (1)
489 2709 547 2735 cfr,
568 2719 594 2744 p.
618 2711 675 2739 lssfl,
697 2718 721 2734 n.
744 2711 792 2740 (ΙΝ.

1863 677 1926 703 cod.
1942 677 1966 702 C

1838 712 1887 738 fol.
1903 714 1937 738 913
1952 712 1993 737 Rb

1874 2071 1938 2097 cod.
1953 2071 1973 2097 S

1849 2107 1896 2133 fol.
1911 2108 1945 2133 44
1960 2107 2002 2132 Vb
