2493 3458
533 585 597 611 cod.
610 585 634 611 V

498 620 547 648 fol.
561 623 613 648 ⁴262
627 621 667 647 Va

533 2157 596 2183 cod.
612 2157 633 2183 P

497 2191 546 2219 fol*
559 2194 609 2219 144
620 2193 660 2219 Rb

690 454 725 479 90
1054 453 1242 480 MAGls'rlu
1273 453 1489 479 GODEle'lDl
1521 453 1570 479 DE
1600 453 1796 480 FON'l‘lssUS

690 541 973 581 Confessionum,
999 542 1150 584 capitulo
1176 542 1334 584 septimo,
1356 542 1497 574 materia
1521 542 1564 574 sit
1589 553 1697 584 prope
1722 542 1803 574 nihil
1830 542 1913 578 (duo
1939 542 2029 574 enim
2049 542 2158 575 fecisti

690 600 849 638 Domine,
868 599 959 638 dicit,
986 611 1090 631 unum
1124 601 1128 640 Ι
1162 611 1272 642 prope
1304 606 1346 637 te,
1372 600 1513 631 alterum
1550 611 1658 642 prope
1690 600 1771 632 nihil
1808 611 1877 642 quo
1909 600 1991 632 nihil
2017 600 2159 632 inferius

689 660 804 698 esset),
842 657 982 689 materia
1019 665 1131 689 autem
1169 663 1220 689 est
1253 669 1361 699 prope
1394 657 1475 689 nihil
1513 664 1548 689 ut
1580 657 1703 689 dicitur
1738 657 1975 697 communiter,
2013 658 2159 690 natura¹

688 722 802 748 autem
828 715 986 757 angelica
1012 726 1120 757 prope
1147 716 1269 753 Deum,
1296 715 1340 746 ita
1365 715 1459 756 quod
1485 716 1572 747 haec
1597 721 1677 747 sunt
1699 715 1710 732 ²
1740 721 1890 747 extrema
1915 722 2158 754 creaturarum,

1170 774 1182 789 ’ό

688 784 758 806 non
785 773 924 815 quidem
949 773 1042 814 quod
1079 784 1149 804 non
1216 772 1258 804 sit
1294 772 1458 815 possibile
1495 783 1572 805 esse
1609 773 1770 814 angelum
1807 773 2047 815 perfectiorem
2076 784 2159 815 quo-

689 842 837 873 cumque
862 831 987 871 angelo
1013 841 1106 862 nunc
1131 830 1308 868 existente,
1334 830 1422 862 sicut
1446 842 1514 862 non
1541 836 1593 862 est
1617 831 1699 862 (lare
1724 837 1879 862 naturam
1906 830 2101 863 inferiorem
2127 837 2160 863 et

1612 890 1622 904 ΑΙ

689 889 798 931 magis
835 888 1056 931 potentialem
1094 899 1195 930 quam
1233 888 1408 920 materiam
1446 888 1589 930 primam
1626 913 1633 927 ,
1665 889 1726 920 sed
1763 888 1842 929 quia
1885 899 1954 920 non
1991 895 2042 920 est
2077 889 2160 921 dare

688 953 844 979 naturam
871 945 1112 988 perfectiorem
1137 957 1239 987 quam
1266 952 1423 977 naturam
1450 945 1652 988 angelicam,
1682 945 1770 977 sicut
1795 956 1860 978 nec
1885 952 2041 978 naturam
2077 946 2160 978 inse-

1200 1003 1210 1019 ὓ
1253 1004 1373 1035 saltem
1423 1004 1615 1035 secundum
1656 1003 1919 1045 dispositionem
1960 1003 2159 1036 huiusmodi

688 1005 811 1036 riorum
853 1015 954 1045 quam
1005 1003 1178 1035 materiam

689 1062 861 1099 universi3
887 1081 927 1085 ——
957 1061 1106 1093 medium
1136 1068 1249 1093 autem
1280 1061 1367 1093 inter
1391 1062 1478 1093 haec
1507 1067 1656 1093 extrema
1687 1061 1820 1093 videtur
1848 1072 1924 1093 esse
1954 1061 2161 1094 intellectiva

688 1121 798 1152 forma
824 1119 856 1151 in
882 1125 1047 1161 quantum
1074 1125 1125 1151 est
1150 1125 1246 1150 aetus
1264 1119 1351 1150 (lans
1380 1130 1457 1151 esse
1483 1119 1645 1151 materiae
1671 1119 1704 1150 in
1729 1130 1799 1160 quo
1824 1119 2058 1151 communicat
2083 1129 2160 1151 cum

689 1178 761 1209 aliis
797 1177 915 1209 formis
953 1177 1196 1215 materialibus,
1234 1187 1303 1208 non
1341 1183 1455 1208 tamen
1492 1176 1541 1208 sic
1577 1176 1739 1208 materiae
1776 1176 1936 1208 immersa
1972 1183 2005 1208 et
2040 1177 2084 1208 ab
2120 1188 2162 1209 ea

688 1236 940 1277 comprehensa
971 1235 1023 1266 vel
1057 1235 1262 1276 (lt-pendens
1288 1234 1368 1275 quin
1395 1240 1560 1275 (plantum
1596 1241 1647 1266 est
1680 1235 1723 1265 (16
1757 1246 1794 1266 se
1829 1240 1908 1266 nata
1939 1234 1980 1266 sit
2012 1246 2074 1276 per
2097 1234 2162 1267 se⁸

687 1293 885 1327 subsistere,
912 1298 944 1324 et
969 1292 1050 1333 quin
1075 1292 1175 1323 etiam
1202 1292 1388 1323 coniuncta
1424 1291 1586 1324 materiae
1615 1292 1740 1323 habeat
1765 1291 2004 1333 operationem
2031 1291 2063 1323 in
2090 1303 2158 1334 qua

688 1362 758 1382 non
786 1351 889 1382 utitur
924 1361 1057 1391 organo
1094 1349 1258 1381 materiali
1297 1356 1331 1381 ut
1368 1349 1536 1387 subiecto,
1564 1349 1597 1381 in
1633 1361 1703 1390 quo
1741 1349 1876 1381 excedit
1916 1349 2044 1382 formas
2076 1361 2161 1392 pure

688 1409 880 1440 materiales
920 1414 952 1439 et
995 1407 1227 1439 communicat
1268 1418 1345 1438 cum
1382 1407 1515 1447 angelis
1555 1407 1608 1438 vel
1649 1407 1850 1438 substantiis
1891 1413 1924 1439 et
1963 1407 2162 1449 simpliciter

688 1466 876 1508 separatis3
907 1467 1012 1502 (unde
1039 1465 1126 1497 sicut
1163 1465 1195 1496 in
1228 1476 1357 1506 genere
1387 1465 1610 1496 materialium
1643 1475 1713 1496 non
1747 1472 1799 1496 est
1836 1472 1952 1496 natum
1989 1475 2068 1497 esse
2099 1476 2161 1497 ens

688 1523 922 1566 imperfectius
948 1523 1087 1555 materia
1113 1522 1230 1565 prima,
1249 1523 1293 1554 ita
1312 1522 1412 1554 etiam
1439 1522 1471 1554 in
1490 1533 1620 1562 genere
1639 1522 1918 1554 intellectualium
1937 1534 2007 1555 non
2027 1523 2162 1555 videtur

687 1594 765 1613 esse
792 1581 956 1624 possibile
981 1593 1058 1612 esse
1084 1580 1280 1612 inferiorem
1307 1580 1420 1612 anima
1446 1581 1607 1618 humana,
1633 1586 1666 1612 et
1701 1580 1789 1612 sicut
1814 1580 1895 1612 illu‹l
1925 1581 2018 1622 quod
2045 1580 2160 1622 aliquo

688 1641 793 1671 modo
819 1646 871 1672 est
896 1639 1082 1681 perfectius
1115 1650 1177 1670 ens
1203 1638 1277 1680 ipsa
1303 1638 1443 1670 materia
1471 1638 1579 1679 prima
1605 1644 1657 1669 est
1677 1637 1687 1653 ⁷
1722 1644 1820 1669 actus
1846 1638 2054 1680 simpliciter,
2081 1638 2160 1680 quia

688 1703 739 1729 est
764 1697 797 1729 id
823 1698 865 1728 ad
900 1697 992 1738 quod
1031 1708 1090 1738 per
1124 1708 1160 1728 se
1195 1702 1228 1728 et
1264 1696 1459 1728 immediate
1485 1702 1536 1727 est
1573 1695 1605 1727 in
1639 1696 1793 1737 potentia
1823 1696 1963 1727 materia
1995 1707 2084 1737 quae
2109 1702 2162 1728 est

688 1755 886 1797 simpliciter
911 1761 943 1786 et
969 1766 1053 1796 pura
1079 1754 1244 1796 potentia,
1270 1754 1326 1785 id⁸
1350 1760 1463 1785 autem
1490 1754 1583 1795 quod
1610 1753 1805 1785 immediate
1823 1753 1963 1785 advenit
1989 1760 2021 1785 et
2047 1754 2162 1786 imme-

689 1813 780 1845 diate
805 1813 938 1854 perficit
976 1812 1084 1844 illud⁰
1115 1812 1209 1853 quod
1245 1818 1295 1843 est
1327 1811 1527 1853 simpliciter
1559 1811 1700 1843 materia
1733 1818 1784 1843 est
1818 1811 2018 1853 simpliciter
2053 1818 2161 1850 actus,

689 1871 783 1912 quod
816 1881 886 1902 non
920 1869 1083 1902 convenit
1111 1869 1176 1900 nisi
1213 1869 1343 1901 formae
1380 1869 1598 1900 substantiali
1635 1875 1667 1900 et
1701 1869 1865 1901 convenit
1901 1869 1993 1901 omni
2031 1869 2162 1902 formae

690 1928 918 1967 substantiali,
957 1927 1038 1969 quia
1074 1927 1186 1958 solum
1222 1926 1363 1958 materia
1401 1926 1509 1968 prima
1545 1932 1597 1958 est
1634 1926 1666 1958 in
1704 1927 1858 1968 potentia
1895 1926 2093 1968 simpliciter
2129 1927 2162 1958 in

688 1997 818 2029 genere
837 1985 1061 2022 substantiae,
1075 1991 1107 2017 et
1121 1984 1289 2026 quicquid
1304 1995 1374 2015 non
1393 1990 1445 2016 est
1464 1984 1537 2026 ipsa
1555 1984 1696 2016 materia
1708 1985 1731 2001 ¹¹¹
1748 1984 1780 2015 in
1799 1995 1929 2025 genere
1947 1985 2162 2016 substantiae

688 2055 758 2075 non
785 2049 836 2075 est
861 2042 1058 2085 =simpliciter
1076 2042 1240 2084 potentia,
1259 2042 1347 2073 sicut
1364 2041 1444 2083 quia
1461 2042 1554 2083 quod
1573 2047 1624 2073 est
1645 2041 1732 2073 infra
1757 2042 1956 2083 simpliciter
1973 2042 2162 2084 potentiam

689 2107 725 2133 ut
750 2101 837 2133 infra
856 2100 1030 2132 materiam
1050 2106 1101 2132 est
1119 2110 1204 2142 pure
1222 2111 1293 2131 non
1320 2110 1392 2138 ens,
1418 2099 1463 2131 ita
1481 2100 1574 2140 quod
1593 2106 1645 2131 est
1662 2110 1766 2141 supra
1788 2099 1962 2131 materiam
1982 2100 2014 2131 in
2033 2111 2163 2143 genere

689 2159 903 2190 substantiae
929 2164 980 2190 est
998 2157 1198 2200 simpliciter
1215 2168 1277 2189 ens
1296 2164 1328 2189 et
1344 2157 1423 2189 ideo
1455 2160 1457 2197 ]
1492 2157 1585 2189 omni
1610 2157 1742 2189 formae
1760 2157 1976 2189 substantiali
2002 2158 2166 2190 convenit

689 2217 888 2259 simpliciter
905 2227 983 2248 esse
1009 2222 1122 2247 actum
1148 2221 1181 2247 et
1205 2215 1361 2254 formam,
1380 2234 1419 2237 —
1446 2214 1491 2246 ita
1516 2214 1599 2246 illud
1624 2215 1719 2256 quod
1744 2222 1796 2247 est
1820 2226 1924 2257 supra
1953 2215 2162 2247 intellectum

689 2276 877 2306 humanum
903 2279 936 2306 et
953 2274 1068 2314 aliquo
1087 2273 1191 2305 modo
1210 2272 1308 2305 6115·Η
1334 2272 1520 2314 perfectius
1546 2272 1622 2314 ipso
1640 2284 1709 2304 non
1729 2279 1843 2314 potest
1868 2284 1945 2305 esse
1971 2273 2164 2305 intellectus

689 2332 896 2374 potentialis,
914 2331 1076 2363 materiae
1101 2330 1231 2362 scilicet
1256 2330 1405 2369 unibilis,
1423 2331 1485 2361 sed
1511 2330 1665 2368 actualis,
1684 2330 1717 2361 id
1743 2336 1794 2362 est
1819 2330 2017 2372 simpliciter
2041 2331 2073 2362 in
2099 2342 2164 2363 suo

689 2401 767 2422 esse
786 2389 809 2406 ¹²
836 2394 996 2431 separato
1029 2389 1225 2430 perfectus3
1255 2399 1360 2429 quare
1396 2398 1461 2420 nec
1494 2394 1610 2429 potest
1646 2399 1722 2420 esse
1759 2394 1857 2420 actus
1876 2388 1899 2405 ¹³
1930 2387 2164 2420 substantialis

689 2447 862 2486 materiae,
880 2448 942 2479 sed
961 2452 1013 2479 est
1031 2446 1112 2488 quid
1130 2457 1192 2488 per
1208 2457 1246 2478 se
1265 2452 1298 2478 et
1314 2445 1348 2477 in
1365 2456 1403 2478 se
1420 2445 1678 2478 subsistentiam
1696 2446 1718 2462 ¹⁴
1736 2446 1943 2488 completam
1957 2447 2104 2485 habens)
2123 2465 2163 2469 —-

780 2613 785 2626 ¹
807 2615 938 2637 naturam
955 2611 984 2637 P.
999 2626 1031 2630 ——
1049 2611 1058 2626 ²²
1073 2619 1127 2636 om.
1143 2610 1173 2636 P.
1188 2626 1220 2629 ——
1235 2611 1245 2625 ³
1259 2610 1338 2644 quod
1351 2610 1419 2643 non]
1436 2618 1493 2635 non
1508 2609 1587 2644 quod
1601 2609 1630 2635 P.
1645 2625 1678 2628 —
1693 2611 1702 2624 ⁴
1716 2609 1867 2636 materiam
1888 2609 2020 2644 primam]
2041 2609 2163 2644 primam

688 2656 839 2681 materiam
857 2656 885 2681 P.
900 2671 933 2674 ψ
949 2656 958 2670 ⁵
973 2659 1104 2680 naturam
1125 2655 1155 2680 P.
1176 2670 1208 2674 —
1229 2655 1240 2669 ⁰
1258 2663 1310 2689 per
1323 2655 1365 2687 se]
1386 2662 1440 2679 (ιιιι.
1455 2653 1485 2679 Ρ.
1506 2669 1538 2672 -
1561 2654 1569 2668 ⁷
1588 2661 1640 2680 ens
1659 2653 1723 2688 ipsa
1743 2669 1775 2672 —
1790 2654 1844 2686 est]
1860 2662 1914 2678 om.
1929 2653 1959 2678 P.
1976 2669 2009 2672 ——
2026 2654 2036 2668 ⁵
2049 2653 2120 2679 illud
2133 2653 2163 2679 P.

689 2715 720 2718 -—
741 2701 752 2714 ⁰
772 2698 938 2725 immediate
962 2698 1081 2724 advenit
1100 2714 1133 2717 »-
1155 2698 1235 2732 illud]
1259 2697 1387 2723 mediate
1410 2702 1439 2723 et
1461 2696 1589 2722 mediate
1612 2697 1726 2731 perficit
1749 2696 1777 2722 id
1801 2697 1830 2722 P.
1852 2712 1883 2715 —-
1910 2698 1930 2712 ¹⁰
1949 2697 1977 2722 in
1999 2705 2108 2731 genere
2130 2712 2162 2715 —

688 2742 819 2776 materia]
840 2751 894 2768 om.
914 2742 944 2768 Ρ.
966 2758 998 2761 -—
1021 2743 1039 2756 ¹¹
1061 2746 1105 2769 est
1125 2742 1156 2768 P.
1178 2757 1209 2760 —
1232 2741 1252 2756 ¹²
1271 2750 1323 2777 per
1342 2741 1410 2766 add.
1432 2749 1528 2774 marg.
1550 2740 1579 2766 P.
1603 2756 1634 2759 —-
1658 2741 1677 2755 ¹³
1697 2749 1751 2766 0¹11.
1773 2740 1802 2766 P.
1825 2756 1855 2759 -
1879 2741 1898 2755 ¹¹
1919 2739 2112 2766 substantiam
2132 2740 2162 2770 Ρ.
