2493 3458
735 405 949 432 SECUNDUM
977 405 1272 439 QUODLIBETUM,
1302 405 1336 439 Q
1366 404 1407 430 ΙΙΙ
1772 405 1803 429 77

336 503 451 528 tamen
485 496 590 528 libere
622 506 659 527 se
693 495 955 526 determinasset
987 495 1029 525 ad
1061 496 1128 525 hoc
1161 495 1254 535 quod
1288 494 1437 525 mundus
1471 493 1520 525 sic
1551 493 1729 524 habuisset
1762 494 1804 524 ab

337 555 413 596 ipso
431 565 508 585 esse
534 555 576 584 ab
603 559 742 584 aeterno
769 558 800 583 et
826 552 995 593 potuisset
1021 552 1248 583 determinare
1274 552 1367 592 quod
1393 552 1488 583 aliter
1512 551 1691 583 habuisset
1716 562 1803 582 esse.

337 612 418 643 Ideo
451 611 551 643 etiam
581 611 609 642 si
641 611 791 641 mundus
824 610 945 640 fuisset
978 611 1020 640 ab
1057 616 1208 645 aeterno,
1241 620 1311 640 non
1352 609 1474 640 fuisset
1514 610 1556 640 de
1598 609 1804 640 necessitate

337 670 497 700 absoluta
526 670 568 699 ab
598 674 749 705 aeterno7
769 668 830 698 sed
861 668 970 698 solum
1002 668 1245 699 conditionata
1275 667 1346 698 sive
1365 678 1405 698 ex
1434 667 1685 708 suppositione,
1711 667 1805 707 quod

337 738 406 758 non
425 726 559 758 videtur
574 725 835 757 inconveniens.
855 725 952 756 Sicut
977 736 1061 767 ergo
1088 726 1181 766 quod
1200 731 1260 763 est,
1284 726 1424 766 quando
1451 730 1511 763 est,
1531 726 1573 756 de
1599 724 1805 756 necessitate

337 790 398 822 est,
416 795 487 816 non
505 783 714 825 simpliciter,
733 784 794 814 sed
813 794 853 814 ex
871 782 1110 824 suppositione
1130 782 1261 814 scilicet
1279 783 1312 813 in
1327 788 1491 823 quantum
1511 788 1572 820 est,
1589 802 1625 804 —
1643 782 1805 813 Socrates

338 842 428 875 enim
461 852 601 874 currens
626 841 660 872 in
686 852 704 872 a
733 851 803 872 non
834 841 876 872 de
910 841 1116 871 necessitate
1146 841 1248 872 currit
1277 840 1310 871 in
1340 852 1368 878 a,
1398 841 1459 871 sed
1487 841 1567 871 dum
1597 840 1699 871 currit
1728 839 1761 871 in
1788 850 1806 870 a

337 911 407 932 non
437 905 551 941 potest
580 910 650 930 non
680 909 825 936 currere,
844 898 889 929 ita
914 899 1006 939 quod
1033 899 1191 929 absolute
1215 899 1391 939 loquendo
1418 904 1536 939 posset
1555 898 1562 914 ¹
1583 908 1653 929 non
1670 908 1805 930 currere

337 959 371 989 in
400 969 429 996 a,
459 957 538 998 quia
567 967 703 988 currere
732 956 765 987 in
795 967 813 987 a
840 967 908 987 non
946 962 997 987 est
1031 956 1073 987 de
1105 956 1177 987 eius
1217 956 1359 995 ratione,
1389 976 1428 978 —
1461 962 1506 987 lta
1542 956 1643 987 etiam
1675 956 1805 986 mundo

338 1026 407 1047 non
441 1015 608 1047 existente
641 1025 710 1046 non
740 1020 791 1045 est
820 1025 936 1045 verum
963 1014 1056 1054 quod
1090 1013 1288 1055 simpliciter
1320 1014 1496 1054 loquendo
1528 1015 1530 1053 Ι
1562 1024 1707 1045 necesse
1740 1012 1808 1044 sit²

338 1073 448 1115 ipsum
475 1083 553 1104 esse
578 1083 597 1103 a
622 1073 698 1103 Deo
723 1071 849 1109 hodie3
875 1072 967 1102 unde
994 1071 1094 1103 etiam
1120 1082 1196 1103 cras
1221 1082 1291 1103 non
1317 1071 1379 1103 erit
1407 1072 1564 1102 absolute
1589 1082 1716 1102 verum.
1748 1071 1807 1102 Est

338 1131 452 1163 dicere
481 1141 543 1172 pro
573 1130 627 1161 die
660 1129 847 1161 hodierna:
877 1140 1023 1161 necesse
1053 1129 1114 1160 fuit
1146 1130 1312 1160 mundum
1342 1129 1414 1160 heri
1442 1140 1461 1160 a
1498 1130 1573 1160 Deo
1604 1129 1720 1167 fuisse7
1745 1129 1807 1160 sed

338 1200 379 1220 ex
396 1187 637 1230 suppositione
663 1193 695 1218 et
712 1187 722 1203 ³
746 1187 964 1225 condicione,
990 1187 1023 1218 in
1049 1192 1215 1228 quantum
1241 1193 1292 1218 est
1316 1198 1409 1218 nunc
1435 1188 1487 1219 vel
1506 1187 1539 1218 in
1562 1192 1727 1227 quantum
1745 1185 1808 1217 fuit

337 1246 430 1283 heri;
457 1246 503 1277 ita
528 1246 629 1277 etiam
655 1256 717 1286 pro
743 1251 815 1276 toto
840 1251 996 1286 tempore
1023 1245 1204 1286 praeterito
1231 1250 1263 1276 et
1287 1245 1411 1276 futuro.

426 1304 506 1335 Non
546 1304 637 1335 valet
670 1303 770 1334 etiam
802 1303 887 1334 ratio
926 1314 994 1344 qua
1027 1303 1149 1333 dicitur
1189 1303 1355 1334 mundum
1396 1313 1466 1334 non
1506 1303 1661 1344 potuisse
1701 1302 1808 1334 fuisse

338 1368 526 1400 aeternum,
560 1361 638 1402 quia
670 1367 825 1393 creatura
855 1360 1089 1402 parificaretur
1130 1360 1274 1392 creatori
1315 1361 1348 1391 in
1375 1361 1566 1399 duratione,
1602 1361 1680 1401 quia
1716 1366 1808 1392 esset

338 1426 488 1458 aeterna,
507 1419 595 1450 sicut
614 1420 709 1450 Deus
735 1424 905 1457 aeternus,
925 1424 957 1450 et
983 1429 1144 1450 mensura
1169 1418 1234 1449 Dei
1259 1429 1329 1450 non
1355 1419 1539 1450 excederet
1564 1430 1629 1450 nec
1654 1429 1808 1460 compre-

337 1479 506 1510 henderet
533 1488 599 1509 nec
628 1477 771 1508 ambiret
799 1482 905 1508 totam
939 1477 1154 1508 durationem
1182 1482 1380 1515 creaturae3
1406 1477 1496 1518 quia,
1521 1482 1557 1508 ut
1587 1477 1809 1518 probabiliter

339 1536 476 1567 dicebat
514 1535 744 1576 respondens,
777 1536 844 1566 hoc
885 1534 999 1575 posito
1029 1535 1195 1576 semper4
1220 1534 1404 1566 aeternitas
1440 1535 1511 1566 sive
1552 1545 1713 1566 mensura
1755 1535 1809 1566 vel

339 1593 473 1625 duratio
492 1593 557 1624 Dei
586 1598 677 1624 esset
702 1598 773 1623 tota
798 1592 897 1623 simul
923 1592 956 1623 in
983 1603 1117 1623 summa
1146 1592 1363 1634 simplicitate
1389 1592 1595 1630 consistens,
1617 1598 1649 1624 et
1675 1593 1808 1624 duratio

339 1650 459 1682 mundi
491 1650 700 1688 successiva,
741 1650 820 1681 licet
860 1650 939 1691 quia
980 1661 1102 1682 carens
1139 1650 1308 1692 principio
1350 1650 1540 1681 durationis
1581 1656 1613 1682 et
1652 1650 1808 1689 termino,

340 1708 511 1740 diceretur
528 1707 662 1739 duratio
681 1713 832 1745 aeterna,
851 1707 885 1738 id
903 1713 955 1739 est
980 1707 1171 1739 aeternitati
1196 1708 1393 1739 indivisibili
1418 1719 1488 1739 non
1514 1709 1707 1740 secundum
1733 1719 1810 1740 esse

340 1766 482 1798 omnino
508 1765 725 1804 indivisibile,
752 1766 813 1797 sed
839 1766 1032 1797 secundum
1058 1777 1158 1797 suum
1193 1776 1270 1797 esse
1296 1765 1531 1797 successivum
1557 1771 1590 1797 et
1618 1766 1810 1797 secundum

340 1835 437 1856 suam
471 1829 646 1856 aeternam
675 1834 871 1855 mensuram
897 1823 1131 1855 successivam
1158 1829 1272 1855 tamen
1298 1834 1434 1865 semper
1464 1823 1669 1856 coexistens.
1696 1823 1737 1855 Et
1762 1823 1811 1855 sic

340 1882 441 1914 etiam
470 1881 504 1913 in
533 1882 746 1924 perfectione
776 1888 808 1913 et
837 1881 1053 1923 simplicitate
1086 1882 1269 1913 excederet
1300 1887 1405 1913 totam
1435 1881 1650 1913 durationem
1681 1881 1810 1920 mundi,

340 1945 373 1971 et
399 1951 474 1972 eam
499 1950 570 1971 uno
595 1939 727 1970 modo5
751 1939 897 1980 simplici
931 1940 1251 1981 comprehenderet,
1285 1939 1364 1980 quia
1396 1950 1467 1971 non
1497 1940 1690 1971 secundum
1720 1939 1811 1970 aliud

341 2003 374 2029 et
405 1997 497 2029 aliud
530 1997 638 2039 ipsius
672 1997 882 2029 aeternitatis
913 2002 1050 2038 tempus
1082 1997 1135 2028 vel
1167 2002 1282 2038 partes
1307 1997 1471 2039 temporis
1497 1997 1546 2028 sic
1571 1997 1810 2035 coexisterent,

341 2061 377 2087 ut
413 2055 462 2087 sic
498 2066 577 2097 pars
618 2055 828 2087 aeternitatis
869 2061 999 2097 partem
1040 2055 1205 2096 temporis
1245 2055 1300 2086 cui
1340 2055 1546 2087 coexisteret
1585 2056 1811 2096 comprehen-

342 2115 448 2152 deret,
475 2119 507 2145 et
532 2113 596 2144 alia
622 2124 701 2155 pars
727 2113 838 2151 aliam,
864 2113 925 2145 sed
942 2113 952 2128 ⁵
976 2113 1058 2144 illud
1084 2113 1276 2145 secundum
1311 2113 1404 2154 quod
1438 2113 1542 2144 modo
1561 2112 1572 2129 ⁷
1600 2113 1757 2145 coexistit
1782 2112 1811 2144 ei

342 2177 478 2213 tempus
503 2182 680 2213 praesens,
711 2172 903 2203 secundum
929 2171 1010 2202 illud
1036 2171 1203 2202 coexistet
1228 2171 1258 2203 ei
1283 2176 1418 2212 tempus
1435 2170 1446 2187 Β
1470 2172 1619 2202 futurum
1651 2171 1685 2202 in
1710 2171 1812 2202 mille-

343 2229 466 2261 simum
492 2240 630 2260 annum.
650 2229 729 2260 Non
755 2230 866 2260 solum
892 2229 983 2260 enim
1012 2229 1264 2260 inconveniens
1290 2234 1341 2260 est
1366 2229 1459 2270 quod
1485 2228 1600 2260 divina
1629 2229 1812 2260 aeternitas

342 2287 475 2319 ratione
505 2297 588 2319 suae
617 2287 794 2318 infinitatis
820 2298 890 2318 non
917 2287 1061 2318 excedat
1093 2286 1310 2318 durationem
1335 2286 1454 2318 mundi
1479 2292 1653 2318 aeternam
1672 2298 1691 2317 a
1716 2292 1812 2328 parte

343 2350 432 2383 ante⁷
459 2345 520 2376 sed
546 2345 647 2376 etiam
677 2356 695 2376 a
721 2350 818 2386 parte
848 2350 936 2386 post.
966 2344 1031 2376 Cui
1056 2355 1127 2376 non
1154 2350 1325 2387 repugnat
1350 2345 1436 2376 forte
1469 2350 1647 2376 aeternum
1672 2355 1692 2375 a
1717 2349 1812 2386 parte

343 2408 433 2444 post,
464 2402 543 2444 quia
579 2402 643 2434 ista
672 2402 856 2434 aeternitas
884 2402 1003 2433 mundi
1033 2408 1066 2433 et
1098 2413 1160 2433 sua
1192 2402 1342 2433 infinitas
1374 2402 1479 2433 habet
1513 2412 1590 2433 esse
1617 2412 1754 2443 semper
1778 2401 1811 2432 in

343 2465 422 2492 actu
440 2460 608 2502 permixto
626 2460 802 2502 potentiae
828 2465 860 2491 et
878 2471 947 2491 non
967 2459 1000 2490 in
1026 2465 1104 2491 actu
1122 2459 1321 2501 simpliciter
1337 2460 1492 2501 perfecto
1518 2459 1597 2501 quia
1614 2459 1813 2491 successiva

434 2617 441 2631 ¹
455 2624 513 2642 non
527 2616 620 2650 possit
634 2615 664 2642 P.
676 2631 708 2635 —
723 2616 733 2630 2'
747 2615 800 2642 fuit
815 2615 844 2641 P.
856 2630 888 2634 -—
904 2615 913 2630 ³
927 2615 1013 2641 etiam
1025 2615 1058 2641 V.
1073 2630 1105 2633 —-
1121 2616 1131 2630 ⁴
1145 2619 1223 2641 esset
1237 2615 1304 2641 add.
1316 2615 1346 2641 P.
1359 2630 1391 2633 ——
1407 2616 1416 2629 ⁵
1430 2624 1483 2641 om.
1495 2615 1528 2641 V.
1544 2630 1574 2633 —
1592 2616 1601 2629 Β
1613 2615 1772 2641 secundum
1783 2615 1813 2641 P.

345 2667 378 2679 —·—2
397 2660 406 2675 ⁷
425 2669 483 2686 non
503 2661 534 2686 P.
549 2675 581 2678 —
596 2660 606 2675 ⁸
626 2669 680 2686 om.
700 2660 730 2685 P.

1677 2703 1707 2728 11

1865 1007 1929 1034 cod.
1945 1007 1965 1032 Ρ

1830 1043 1879 1069 fol.
1896 1045 1946 1069 143
1960 1044 1999 1069 Ra
