2493 3458
754 412 968 438 SECUNDUM
999 411 1295 445 QL'ODLIBETL'M,
1326 412 1360 439 O.
1390 413 1414 437 X
1769 414 1815 438 1⁴5

348 507 400 533 est
428 501 583 532 ultimum
612 501 828 539 indivisibile,
858 520 898 523 —
928 500 962 531 in
991 500 1109 532 ultimo
1139 506 1252 533 autem
1282 507 1314 533 et
1343 501 1540 533 indivisibili
1568 513 1639 534 non
1668 508 1816 544 possunt

347 570 425 591 esse
460 559 589 602 gradus
629 569 694 590 nec
734 558 844 601 magis
877 569 942 590 nee
982 558 1094 589 minus
1133 579 1182 597 ᾗ,
1220 564 1355 600 oportet
1387 560 1480 600 quod
1511 559 1620 591 forma
1653 560 1815 601 specifica

346 622 512 658 quantum
538 617 581 647 ad
617 615 783 648 rationem
820 626 903 646 suae
932 615 1061 657 speciei
1090 627 1161 647 non
1190 616 1299 658 possit
1334 618 1462 648 habere
1499 617 1608 659 magis
1634 623 1667 649 et
1691 617 1813 648 minus.

346 675 448 706 Unde
477 674 503 705 si
532 673 659 715 aliquid
685 673 861 715 pertinens
888 674 931 704 ad
960 673 1145 704 essentiam
1180 674 1349 705 albedinis
1386 674 1474 706 desit
1502 674 1603 705 alicui
1629 675 1745 713 colori,
1772 675 1815 706 de

346 731 552 764 necessitate
571 732 665 763 color
682 731 736 762 ille
754 742 825 762 non
844 731 905 762 erit
930 731 1065 762 albedo.
1093 731 1294 763 Secundum
1313 743 1396 774 ergo
1415 733 1499 764 tales
1517 733 1657 775 gradus,
1683 733 1814 764 formae

345 795 425 821 sunt
456 789 545 821 sicut
576 789 708 820 numeri
741 794 786 827 ut,
820 788 908 820 sieut
944 788 1096 829 qualibet
1129 789 1259 820 unitate
1290 789 1406 820 addita
1446 790 1499 821 vel
1533 795 1662 821 remota
1688 790 1815 821 tollitur

345 847 481 889 species
499 858 731 885 numerorum,
767 846 816 877 sie
835 845 988 887 quolibet
1012 846 1069 877 tali
1087 847 1197 888 gradu
1217 847 1334 878 addito
1352 848 1405 878 vel
1423 853 1554 879 remoto
1573 859 1643 879 non
1661 853 1815 879 remanet

345 905 454 937 forma
479 904 513 935 in
538 905 593 935 illa
618 904 745 946 speeie.
1606 949 1608 951 Ι

434 964 582 1004 Oportet
615 973 697 1003 ergo
735 963 827 1003 quod
865 963 892 993 si
933 963 1060 1004 aliquid
1098 962 1221 994 dicitur
1251 963 1443 994 seeundum
1480 963 1591 1006 magis
1632 969 1665 995 et
1690 963 1813 1003 minus,

343 1021 437 1061 quod
465 1021 532 1051 hoe
561 1021 757 1051 attendatur
781 1021 974 1051 seeundum
1004 1020 1143 1061 aliquod
1173 1020 1397 1059 accidentale,
1423 1032 1492 1062 quo
1519 1021 1620 1053 etiam
1646 1021 1813 1053 existente

343 1089 413 1109 non
431 1083 581 1109 mutetur
605 1078 797 1109 seeundum
828 1078 980 1119 speeiem
1006 1078 1087 1109 illud
1118 1079 1211 1119 quod
1237 1078 1429 1109 secundum
1456 1078 1536 1109 illud
1555 1079 1679 1110 dicitur
1704 1079 1814 1121 tnagis

343 1141 376 1167 et
415 1135 538 1167 minus.
573 1135 779 1166 Huiusmodi
812 1142 926 1167 autem
959 1136 1122 1167 accidens
1160 1136 1193 1167 in
1226 1136 1447 1177 qualitatibus
1488 1142 1539 1168 est
1572 1136 1813 1168 intensibilitas

343 1194 535 1225 secundum
561 1193 689 1235 gradus
717 1193 879 1225 virtuales
904 1204 991 1234 quos
1018 1193 1172 1225 eontinet
1197 1194 1307 1225 forma
1332 1194 1496 1235 specifica
1521 1194 1645 1235 aliqua,
1664 1194 1814 1225 indivisi-

342 1251 418 1282 bilis
444 1251 636 1283 secundum
671 1251 855 1282 essentiam
893 1251 965 1282 sive
994 1252 1186 1282 seeundum
1211 1252 1340 1294 gradus
1373 1252 1586 1290 essentiales,
1613 1257 1649 1283 ut
1685 1252 1813 1284 dictum

343 1314 414 1345 est:
441 1308 529 1340 sieut
554 1309 587 1339 in
613 1308 860 1350 quantitatibus
889 1309 1053 1341 accidens
1082 1320 1150 1350 quo
1180 1309 1343 1341 convenit
1372 1309 1483 1352 magis
1509 1316 1542 1341 et
1566 1310 1679 1341 minus
1704 1310 1737 1341 in
1764 1309 1813 1341 eis

343 1372 394 1398 est
419 1366 666 1398 extensibilitas
694 1367 885 1397 seeundum
913 1373 1027 1408 partes
1054 1367 1306 1408 quantitativas.
1334 1367 1373 1398 Et
1390 1367 1590 1399 huiusmodi
1608 1368 1812 1407 accidentia,

342 1424 474 1456 ratione
500 1435 645 1465 quorum
673 1424 876 1467 contingere
905 1425 1010 1456 habet
1035 1425 1068 1455 in
1095 1425 1342 1465 quantitatibus
1368 1431 1400 1456 et
1425 1425 1672 1466 qualitatibus¹
1697 1427 1813 1458 huius-

341 1482 433 1514 modi
472 1482 679 1513 variabilitas
724 1483 916 1513 secundum
958 1483 1068 1525 magis
1105 1489 1137 1514 ct
1173 1482 1295 1518 minus,
1332 1494 1402 1514 non
1439 1483 1625 1525 important
1665 1484 1812 1526 aliquam

341 1546 496 1571 naturam
522 1540 715 1571 absolutam
746 1546 777 1571 et
802 1540 948 1581 positive
978 1540 1113 1574 dictam
1140 1541 1201 1571 sed
1228 1542 1400 1581 quendam
1426 1542 1567 1572 modum
1599 1547 1630 1573 et
1662 1542 1812 1584 proprie-

341 1603 445 1629 tatem
493 1597 580 1629 entis
625 1597 679 1629 Cui
728 1598 845 1629 insunt
885 1605 918 1629 et
958 1599 1151 1629 seeundum
1196 1599 1363 1630 rationem
1407 1610 1491 1630 :suae
1536 1599 1735 1640 quidditatis
1780 1606 1813 1632 et

340 1655 522 1693 essentiae,
564 1661 703 1697 propter
749 1656 842 1697 quod
883 1655 984 1687 etiam
1032 1657 1074 1687 ad
1122 1656 1442 1688 transnmtationem
1483 1668 1602 1688 eorum
1643 1658 1812 1701 contingit

340 1719 468 1745 transm
501 1715 504 1753 Ι
538 1713 644 1744 utatio
680 1713 711 1744 in
742 1714 901 1746 essentia.
929 1720 964 1745 ut
993 1720 1073 1745 sunt
1099 1725 1159 1755 par
1188 1720 1220 1745 et
1249 1714 1358 1755 impar
1386 1714 1419 1745 in
1456 1726 1600 1746 numero
1626 1721 1659 1747 et
1687 1721 1811 1748 cetera.

341 1771 377 1803 Si
403 1782 486 1813 ergo
512 1771 591 1802 talia
616 1771 734 1802 insunt
752 1772 944 1802 secundum
963 1771 1129 1803 rationem
1155 1771 1284 1813 speciei
1311 1772 1510 1814 simpliciter
1525 1772 1541 1794 ‘²—
1562 1779 1594 1804 et
1619 1774 1812 1805 seeundum

340 1839 387 1867 se,
414 1829 700 1860 transmutatione
737 1829 827 1860 facta
864 1829 896 1860 in
934 1829 982 1860 eis
1019 1829 1055 1860 tit
1088 1829 1327 1860 transmutatio
1353 1831 1546 1861 secundum
1579 1831 1741 1872 speciem.
1776 1831 1813 1863 Si

340 1892 453 1917 autem
472 1886 589 1917 insunt
606 1887 798 1917 seeundum
817 1886 983 1918 rationem
1004 1887 1180 1924 individui,
1196 1887 1266 1918 sive
1282 1887 1398 1918 insunt
1416 1887 1601 1919 individuis
1619 1890 1812 1920 secundum

340 1944 558 1975 essentialem
588 1945 728 1975 modum
766 1944 919 1986 ipsorum
956 1950 989 1976 et
1021 1950 1156 1986 praeter
1196 1945 1363 1977 rationem
1400 1946 1529 1987 speciei
1571 1952 1603 1978 et
1635 1953 1671 1978 ut
1707 1958 1810 1986 nunc,

338 2002 625 2033 transmutatione
651 2013 768 2034 eorum
806 2002 842 2033 fit
871 2002 1109 2033 transmutatio
1146 2003 1338 2034 seeundum
1369 2003 1595 2043 individuum,
1625 2005 1704 2036 licet
1740 2017 1810 2037 non

288 2068 293 2075 ·
339 2066 496 2101 oporteat
522 2060 614 2101 quod
633 2061 825 2091 seeundum
852 2060 1013 2101 speciem.
1041 2060 1157 2100 Quare
1184 2072 1261 2091 cum
1287 2071 1357 2092 non
1383 2061 1494 2102 possit
1519 2063 1648 2093 attendi
1665 2062 1676 2079 ³
1700 2063 1811 2106 magis

338 2124 370 2149 et
395 2117 508 2148 minus
534 2117 566 2148 in
593 2117 813 2158 qualitatibus
839 2118 1032 2149 secundum
1058 2118 1225 2149 rationem
1252 2119 1382 2159 speciei
1408 2119 1487 2160 quia
1513 2119 1546 2150 in
1566 2120 1577 2136 ‘¹
1614 2120 1811 2152 indivisibili

339 2175 505 2213 consistit,
547 2181 683 2217 oportet
716 2176 808 2216 quod
845 2176 1041 2207 attendatur
1073 2177 1264 2207 seeundum
1307 2176 1503 2208 rationem5
1543 2166 1809 2210 individuorum.

338 2233 380 2264 Et
411 2233 490 2274 quia
520 2233 620 2264 etiam
653 2244 730 2264 esse
759 2233 926 2264 individui
955 2233 987 2264 in
1021 2240 1185 2274 quantum
1227 2234 1443 2266 individuum
1476 2241 1536 2274 est,
1570 2235 1714 2277 simplex
1748 2242 1810 2275 est,

339 2291 366 2322 si
391 2290 449 2322 fiat
473 2290 712 2322 transmutatio
738 2290 799 2321 inss
830 2290 1008 2322 individuo
1045 2292 1237 2323 seeundum
1274 2292 1384 2335 magis
1417 2298 1449 2324 et
1482 2293 1605 2331 minus,
1639 2293 1675 2325 fit
1709 2294 1811 2326 etiam

339 2348 576 2380 transmutatio
613 2349 721 2390 ipsius
758 2348 934 2385 individui,
968 2355 1130 2380 manente
1170 2355 1284 2381 tamen
1318 2350 1435 2391 speeie
1476 2351 1608 2382 eadem.
1651 2351 1812 2383 Similiter

339 2406 440 2438 etiam
474 2417 510 2437 se
543 2407 647 2437 habet
672 2406 706 2437 in
739 2406 986 2447 quantitatibus
1023 2406 1133 2437 maius
1171 2412 1202 2438 et
1235 2407 1358 2445 minus,
1397 2414 1429 2439 et
1462 2414 1628 2449 quantum
1665 2410 1708 2440 ad
1743 2410 1812 2441 hoc

339 2464 432 2505 quod
458 2463 621 2495 convenit
645 2464 836 2495 secundum
863 2464 1077 2495 individuum
1110 2470 1143 2496 et
1168 2470 1333 2505 quantum
1362 2466 1404 2497 ad
1440 2467 1578 2497 modum
1609 2472 1811 2499 transmuta-

338 2527 451 2553 tlonls.

429 2664 435 2678 ¹
460 2663 669 2698 quantitatibus
699 2668 727 2689 et
757 2663 955 2698 qualitatibus]
977 2665 1166 2698 qualitatibus
1198 2669 1226 2691 et
1256 2665 1465 2700 quantitatibus
1486 2667 1515 2692 Ρ.
1546 2683 1577 2685 -
1603 2667 1613 2682 “·’
1632 2676 1686 2694 om.
1716 2668 1747 2694 Ρ.
1778 2683 1810 2686 —

339 2707 348 2721 ⁸
368 2707 461 2743 possit
481 2707 602 2741 attendi]
624 2707 733 2733 attendi
754 2708 847 2743 possit
868 2708 896 2734 P.
918 2724 946 2726 —
971 2709 980 2722 4
995 2717 1048 2735 οιιι.
1070 2709 1100 2736 P.
1121 2725 1153 2728 —
1175 2710 1184 2723 ⁵
1199 2718 1252 2735 om.
1275 2709 1303 2735 P.
1326 2725 1357 2727 —
1379 2710 1388 2723 ⁰
1404 2719 1458 2736 0111.
1478 2710 1509 2737 Ρ,

1870 1703 1935 1729 cod.
1947 1704 1972 1728 V

1836 1738 1884 1765 fol.
1897 1741 1949 1765 270
1963 1739 2003 1765 Rb
