2493 3458
535 949 599 975 cod.
615 949 636 975 P

501 984 548 1011 fol.
564 987 611 1011 147
627 985 664 1010 Ru

534 2005 598 2031 cod.
610 2005 634 2031 V

499 2040 547 2066 sol.
562 2042 613 2066 2136
626 2041 667 2066 Vb

697 474 744 497 120
1058 471 1245 497 ,ximus‘slx'l
1277 470 1493 495 (}()l)l·2l·‘lx¹ll)l
1526 469 1575 495 [ni
1606 468 1801 495 Fox'slsst's

693 572 820 602 corpus
849 561 989 592 mixtum
1019 560 1108 591 idem
1135 560 1228 601 quod
1255 559 1348 601 prius
1374 559 1508 594 (saltem
1537 559 1729 591 secundum
1760 558 1871 590 alios¹
1898 558 2020 591 virtute
2049 558 2166 591 divina

693 630 869 650 remancre
899 623 1036 660 potest),
1065 629 1134 649 non
1163 617 1323 649 videntur
1341 618 1351 633 ²
1379 628 1456 649 esse
1486 627 1566 649 vera
1599 627 1687 658 quae
1717 616 1773 648 hic
1802 615 1972 655 dicuntur,
2002 616 2166 658 quoniam

693 682 775 708 tunc
800 676 913 708 anima
938 681 1031 708 esset
1056 676 1164 707 forma
1190 674 1424 713 accidentalis,
1443 674 1522 716 quia
1541 673 1682 706 materia
1699 673 1773 706 eius
1798 674 1991 706 secundum
2017 674 2166 716 aliquem

692 739 804 765 actum
832 733 978 776 priorem
1005 739 1158 765 maneret
1175 734 1194 772 ³,
1220 738 1253 764 et
1282 743 1352 764 non
1382 732 1556 764 desineret
1586 732 1802 774 praecedens
1827 731 2058 774 compositum
2088 742 2167 764 esse

692 791 899 833 simpliciter.
920 792 996 823 Non
1024 791 1113 823 enim
1139 790 1262 822 dicitur
1279 790 1420 822 materia
1446 789 1574 822 entium
1598 789 1801 821 naturalium
1827 789 1942 821 ablata
1958 790 2082 832 forma
2096 800 2166 822 non

692 860 831 881 manere
849 849 927 890 quia
953 849 1053 881 cedat
1079 848 1111 880 in
1138 848 1230 887 nihil,
1249 849 1311 880 sed
1329 848 1408 889 quia
1430 847 1570 879 materia
1595 858 1664 879 non
1690 847 1795 879 habet
1819 857 1897 879 esse
1923 847 1988 879 nisi
2005 859 2025 879 a
2046 848 2165 880 forma.

695 907 734 938 Et
759 907 838 938 ideo
867 918 944 939 cum
975 906 1056 938 nihil
1086 907 1217 938 formae
1247 905 1391 937 alicuius
1420 905 1599 938 remanet·
1631 905 1714 936 nihil
1744 905 1906 937 materiae
1931 905 2020 937 illius
2045 905 2168 938 dicitur

693 975 891 1002 remanere3
918 971 951 997 et
975 975 1052 996 cum
1079 964 1219 996 materia
1245 975 1315 995 non
1341 963 1483 995 manet⁰
1513 966 1515 1002 l
1547 964 1611 994 sul)
1641 963 1756 1004 aliquo
1784 969 1862 995 actu
1892 963 1956 995 sub
1987 974 2056 1005 quo
2085 969 2167 1003 erat,

693 1034 770 1055 cum
789 1028 860 1054 erat
879 1022 1019 1054 materia
1044 1021 1188 1054 alicuius
1211 1021 1425 1053 determinati
1451 1021 1550 1060 entis,
1576 1021 1700 1053 dicitur
1724 1021 1864 1053 materia
1882 1020 1958 1053 talis
1983 1021 2071 1053 entis
2096 1032 2167 1054 non

693 1091 842 1112 manere.

782 1139 862 1170 Item
892 1138 1047 1179 arguitur
1075 1143 1194 1169 contra
1229 1137 1436 1179 positionem
1468 1137 1558 1168 hanc
1591 1136 1682 1178 quia,
1712 1136 1801 1168 sicut
1833 1136 2087 1169 inconveniens
2115 1144 2168 1170 est

693 1197 786 1238 quod
816 1196 847 1227 in
878 1196 993 1237 aliquo
1022 1206 1092 1227 uno
1122 1195 1189 1227 sint
1219 1196 1333 1236 plures
1362 1194 1590 1226 animalitates
1619 1194 1819 1226 differentes
1853 1195 1905 1226 vel
1939 1195 2056 1237 specie
2088 1196 2168 1228 sub·

693 1255 821 1286 alterna
848 1254 898 1285 vel
925 1253 1184 1295 specialissima,
1210 1253 1255 1284 ita
1280 1253 1380 1284 etiarn
1408 1251 1659 1284 inconveniens
1684 1258 1737 1283 est
1761 1252 1854 1293 quod
1880 1252 1913 1284 in
1938 1252 2079 1285 homine
2099 1253 2168 1285 sint

693 1313 808 1354 plures
833 1311 1141 1343 substantialitates
1166 1311 1219 1342 vel
1244 1310 1454 1345 huiusmodi,
1480 1309 1545 1341 nisi
1574 1320 1643 1341 una
1672 1309 1806 1342 dicatur
1833 1310 2104 1342 substantialitas
2132 1310 2166 1343 in

693 1369 846 1411 potentia
876 1375 910 1400 ut
939 1368 1089 1405 materia„
1116 1374 1148 1400 et
1173 1368 1237 1400 alia
1264 1367 1296 1399 in
1322 1374 1401 1400 actu
1431 1374 1467 1399 ut
1496 1367 1616 1399 forma.
1643 1367 1711 1399 Iam
1740 1367 1830 1399 enim
1857 1367 1890 1399 in
1915 1367 1972 1400 tali
1997 1379 2068 1401 uno
2095 1379 2166 1402 non

692 1434 743 1459 est
769 1427 832 1458 nisi
858 1426 1129 1458 substantialitas
1155 1437 1223 1458 una
1248 1425 1457 1468 simpliciter.

780 1486 862 1517 Item
888 1485 1042 1527 arguitur
1066 1485 1109 1516 ad
1135 1485 1202 1516 hoc
1227 1490 1348 1516 contra
1374 1483 1471 1515 istam
1498 1483 1706 1525 positionem
1729 1494 1791 1525 per
1815 1493 1856 1515 ea
1880 1494 1942 1526 per
1958 1495 2048 1526 quae
2065 1484 2166 1517 etiam

692 1543 800 1585 prima
831 1543 1046 1584 reprobatur,
1072 1542 1235 1584 quoniam
1261 1541 1416 1574 delinitio
1442 1541 1592 1573 hominis
1617 1552 1688 1572 non
1714 1541 1775 1573 erit
1805 1552 1873 1573 una
1901 1552 1944 1574 eo
1973 1542 2068 1584 quod
2093 1542 2167 1574 eius

691 1601 805 1632 unitas
833 1600 991 1632 consistit
1019 1600 1052 1632 in
1078 1599 1207 1632 unitate
1234 1600 1375 1637 formae,
1401 1606 1437 1631 ut
1462 1605 1556 1640 patet
1581 1599 1730 1640 septimo
1759 1599 2019 1641 Metaphysicae
2040 1601 2109 1640 (1);
2134 1606 2168 1632 et

691 1659 719 1691 si
748 1659 781 1690 in
811 1658 951 1691 homine
980 1658 1047 1690 sint
1075 1658 1192 1700 plures
1221 1657 1419 1689 huiusmodi
1449 1657 1590 1696 formae,
1616 1656 1791 1698 quaelibet
1815 1663 1868 1689 est
1895 1657 2167 1690 substantialitas

691 1717 873 1759 quaedam,
903 1716 1054 1758 alioquin
1085 1726 1126 1748 ex
1155 1715 1239 1758 ipsis
1268 1727 1338 1747 non
1371 1716 1467 1748 fieret
1499 1716 1702 1748 substantia.
1732 1716 1830 1748 Sicut
1862 1722 1975 1748 autem
2009 1717 2167 1749 substan-

691 1774 814 1806 tialitas
843 1785 921 1806 cum
950 1785 1022 1806 non
1051 1773 1341 1806 substantialitate
1374 1773 1505 1806 faciunt
1536 1774 1663 1816 aliquid
1695 1774 1788 1816 quod
1817 1784 1888 1806 non
1917 1780 1970 1806 est
1998 1785 2103 1806 unum
2133 1774 2167 1806 in

690 1843 820 1875 genere
847 1832 1061 1864 substantiae
1087 1832 1149 1863 sed
1175 1837 1227 1863 est
1252 1831 1349 1873 plura
1374 1831 1407 1863 in
1433 1831 1578 1864 diversis
1598 1831 1798 1873 generibus,
1823 1831 1869 1863 ita
1893 1831 2168 1864 substantialitas

692 1891 725 1922 in
750 1896 829 1922 actu
855 1901 933 1922 cum
961 1889 1251 1922 substantialitate
1276 1889 1309 1921 in
1335 1895 1414 1921 actu
1440 1889 1522 1921 facit
1546 1889 1648 1921 etiam
1665 1889 1676 1905 ‘³
1699 1889 1798 1932 plura
1823 1889 2024 1932 simpliciter
2039 1889 2074 1921 in
2097 1900 2167 1922 uno

691 1958 821 1991 genere
850 1947 1074 1980 substantiae.

781 2006 861 2037 Item
891 2005 1084 2037 substantia
1109 2015 1197 2047 quae
1222 2011 1274 2036 est
1297 2015 1410 2047 genus
1437 2011 1472 2036 ut
1497 2005 1716 2047 praedicatur
1740 2005 1783 2037 de
1808 2005 1882 2037 aliis
1906 2006 1950 2037 ab
1974 2005 2115 2038 homine
2143 2007 2147 2047 Ι

691 2064 883 2096 secundum
913 2063 998 2095 istos
1027 2063 1108 2095 dicit
1137 2062 1218 2104 quid
1249 2073 1354 2094 unum
1384 2063 1448 2094 sub
1477 2062 1610 2094 ratione
1640 2062 1904 2102 indeterminati,
1933 2063 2012 2105 quia
2041 2063 2166 2095 animal

691 2121 773 2153 dicit
794 2121 894 2153 talem
914 2122 1058 2152 formam
1077 2121 1141 2152 sub
1159 2120 1292 2152 ratione
1311 2120 1563 2152 indeterminati
1583 2131 1685 2162 quam
1704 2120 1785 2152 dicit
1802 2121 1921 2153 asinus
1943 2121 2008 2153 sub
2033 2121 2166 2154 ratione

691 2179 917 2217 determinati,
951 2189 1040 2220 quae
1073 2178 1211 2220 quidem
1245 2178 1354 2210 forma
1387 2178 1420 2209 in
1453 2178 1552 2209 asino
1585 2188 1655 2210 non
1689 2184 1741 2210 est
1773 2178 1838 2210 nisi
1870 2189 1940 2210 una
1972 2179 2166 2211 secundum

690 2236 898 2279 positionem
925 2236 1087 2278 ipserum.
1107 2235 1143 2267 Si
1161 2246 1246 2279 ergo
1263 2235 1457 2267 substantia
1481 2235 1524 2267 sit
1548 2235 1649 2267 unius
1675 2235 1817 2268 rationis
1835 2236 1868 2268 in
1891 2236 2054 2268 omnibus
2077 2236 2166 2268 sicut

690 2306 802 2337 genus
828 2294 909 2326 dicit
934 2305 1037 2325 unam
1063 2293 1241 2331 rationem,
1261 2304 1345 2335 ergo
1364 2293 1465 2325 etiam
1491 2293 1690 2335 praedicata
1714 2293 1758 2325 de
1782 2293 1925 2326 homine
1945 2293 2037 2326 dicet
2061 2305 2164 2326 unam

690 2353 844 2383 formam.
864 2352 935 2383 Sed
960 2352 1027 2383 hoc
1052 2362 1123 2382 non
1148 2357 1264 2392 potest
1289 2362 1366 2383 esse
1392 2351 1486 2392 quod
1511 2351 1633 2383 dicens
1658 2362 1762 2383 unam
1788 2351 1933 2383 formam
1951 2351 2043 2384 dicat
2059 2357 2164 2384 totam

690 2409 876 2442 essentiam
902 2415 935 2441 et
959 2415 1115 2440 naturam
1142 2409 1215 2441 eius
1241 2409 1335 2450 quod
1361 2408 1522 2450 importat
1547 2409 1664 2450 plures
1692 2409 1831 2441 formas.
1857 2409 1975 2450 Quare
2003 2419 2075 2441 nou
2103 2409 2166 2442 erit

691 2478 797 2498 unum
828 2473 861 2499 et
893 2467 982 2499 idem
1015 2477 1128 2509 genus
1159 2466 1309 2498 hominis
1341 2473 1375 2498 et
1407 2466 1560 2498 aliorum.
1594 2467 1702 2498 Immo
1735 2466 1837 2499 etiarn
1869 2477 1935 2499 nec
1966 2466 2165 2499 huiusmodi

780 2618 787 2632 ¹
808 2617 922 2651 aliquos
950 2616 979 2643 P.
1000 2633 1032 2635 —
1054 2617 1064 2632 ‘³
1083 2616 1219 2643 dicuntur
1238 2616 1269 2642 P.
1289 2631 1322 2634 —
1343 2617 1353 2631 ³
1372 2616 1498 2651 priorem
1526 2618 1667 2651 maneret]
1695 2626 1749 2643 om.
1774 2617 1804 2643 P.
1825 2633 1857 2636 —
1878 2618 1887 2632 ¹
1906 2617 1961 2643 nisi
1988 2617 2056 2643 add.
2080 2616 2111 2644 P.
2130 2632 2164 2636 —

690 2662 701 2676 ⁵
719 2666 835 2688 maneat
855 2662 886 2688 P.
902 2677 934 2680 —
954 2663 965 2676 ὓ
984 2666 1011 2688 et
1033 2662 1063 2687 P.

780 2765 818 2792 41]
839 2763 869 2789 L.
889 2764 928 2789 VI
950 2763 995 2797 [aL
1016 2763 1089 2797 vlu,
1110 2772 1133 2789 e.
1156 2765 1188 2789 122
1208 2766 1246 2798 (p.
1269 2764 1336 2789 1037
1356 2765 1420 2801 sqj).
