2493 3458
739 437 953 463 SECUNDUM
981 436 1277 470 QUODLIBETUM,
1307 437 1341 470 Q.
1371 437 1424 462 XII
1766 438 1814 462 153

345 527 413 559 hoc
449 526 580 567 quaerit
598 526 615 564 ¹,
649 532 681 557 et
714 526 855 557 omnino
888 537 907 557 a
940 525 1079 557 datione
1112 526 1205 566 quod
1242 530 1293 557 est
1326 525 1515 566 principale
1548 525 1581 556 in
1614 525 1815 557 liberalitate

346 584 469 616 delicit.
490 584 660 626 Prodigus
679 589 792 615 autem
811 589 977 624 quantum
1003 584 1046 614 ad
1065 583 1225 614 affectum
1243 582 1253 598 '²
1270 582 1465 614 interiorem
1484 588 1516 614 et
1533 588 1693 624 respectu
1712 594 1815 624 pecu-

346 641 478 673 niarum
496 641 612 673 deficit
637 641 749 672 minus
775 641 892 672 debito
918 652 1035 672 earum
1054 640 1321 671 sollicitudinem
1347 651 1490 682 gerens3
1517 645 1682 681 quantum
1701 646 1815 672 autem

346 700 389 730 ad
422 699 659 740 operationem
700 698 901 730 exteriorem
943 698 1206 739 superabundat
1246 703 1278 729 et
1319 697 1454 729 excedit
1493 698 1624 729 scilicet
1663 697 1697 729 in
1738 698 1815 739 plus

346 757 462 788 dando
501 762 533 788 et
562 756 677 788 deficit
704 756 833 788 scilicet
862 756 895 787 in
925 755 1037 787 minus
1064 755 1246 787 retinendo
1276 761 1309 787 et
1337 755 1560 796 acquirendo.
1580 756 1651 787 Sed
1683 755 1716 786 in
1748 756 1815 787 hoc

345 814 455 857 magis
473 813 582 846 tendit
606 815 650 845 ad
668 814 748 845 illud
766 814 776 830 ³
800 814 893 855 quod
912 813 1021 856 magis
1040 812 1227 844 intenditur
1245 824 1263 844 a
1285 813 1414 844 liberali
1432 813 1563 844 scilicet
1581 813 1623 844 ad
1642 813 1816 844 dationem

1266 871 1276 886 ⁴
1318 882 1337 901 a
1375 876 1468 902 recta
1506 870 1698 902 intentione
1739 870 1816 901 finis

346 878 378 903 et
425 871 646 903 emissionem
687 871 928 913 pecuniarumq
970 870 1086 902 deficit
1125 876 1240 902 tamen

345 929 477 961 scilicet
502 940 520 960 a
553 929 676 960 debitis
710 929 974 961 circumstantiis
1007 933 1148 970 propter
1180 929 1273 969 quod
1306 939 1377 959 non
1410 934 1461 960 est
1493 928 1691 959 huiusmodi
1724 928 1816 959 datio

345 998 408 1018 sua
432 988 536 1018 bona.

433 1045 483 1075 Ex
514 1045 582 1076 hoc
613 1055 696 1087 ergo
729 1050 822 1086 patet
855 1045 948 1085 quod
983 1045 1176 1076 secundum
1209 1054 1246 1075 se
1279 1043 1351 1075 sive
1385 1055 1446 1085 per
1480 1054 1518 1075 se
1551 1043 1691 1074 avaritia
1721 1043 1818 1085 peior

345 1107 397 1133 est
414 1101 665 1145 prodigalitate,
681 1102 894 1133 attendendo
913 1102 1043 1134 scilicet
1062 1113 1101 1134 ea
1120 1112 1208 1143 quae
1228 1112 1289 1143 per
1306 1112 1343 1133 se
1361 1102 1404 1132 ad
1424 1106 1603 1142 utramque
1618 1101 1629 1116 ⁵
1646 1101 1819 1142 pertinent

346 1165 378 1191 et
410 1159 641 1191 includuntur.
677 1160 725 1190 Ex
758 1160 987 1201 consequenti
1020 1159 1121 1191 etiam
1153 1159 1224 1190 sive
1258 1164 1424 1200 quantum
1458 1159 1500 1190 ad
1533 1170 1574 1190 ea
1610 1169 1699 1200 quae
1724 1159 1818 1200 ipsas

346 1223 609 1258 consequuntur
644 1223 694 1249 est
728 1217 783 1255 ita,
820 1217 900 1258 quia
929 1217 1043 1249 multis
1080 1217 1247 1259 prodigus
1281 1222 1332 1248 est
1361 1217 1462 1255 utilis,
1496 1227 1567 1247 non
1601 1216 1650 1248 sic
1683 1227 1817 1254 avarus,

346 1276 408 1306 sed
448 1286 513 1306 nec
554 1274 618 1306 sibi
658 1280 694 1306 ut
734 1275 858 1306 dicitur
897 1281 1018 1317 quarto
1059 1275 1260 1306 Etbicorum
1286 1276 1341 1313 (l)⁷
1368 1274 1447 1315 quia
1484 1274 1585 1305 etiam
1626 1279 1678 1305 est
1718 1274 1817 1305 facile

346 1332 510 1364 sanabilis
542 1333 722 1375 prodigus,
756 1333 887 1364 scilicet
916 1344 977 1374 per
1005 1334 1072 1363 boc
1102 1333 1195 1373 quod
1230 1332 1380 1363 declinat
1413 1333 1456 1363 ad
1484 1337 1698 1363 senectutem
1728 1342 1817 1372 quae

347 1395 399 1421 est
431 1390 601 1422 contraria
634 1390 876 1431 prodigalitati,
911 1396 943 1421 et
978 1401 1039 1431 per
1070 1391 1137 1421 hoc
1175 1390 1268 1430 quod
1306 1389 1445 1421 devenit
1476 1390 1519 1420 ad
1552 1395 1741 1432 egestatem
1775 1390 1818 1421 de

347 1448 436 1479 facili
469 1448 549 1478 dum
584 1448 689 1478 multa
721 1447 884 1479 inutiliter
916 1448 1090 1479 consumit
1122 1452 1154 1478 et
1189 1447 1238 1479 sic
1271 1457 1403 1488 pauper
1440 1447 1551 1478 factus
1592 1458 1662 1478 non
1703 1452 1819 1488 potest

347 1506 631 1547 superabundare
661 1505 710 1537 sic
739 1505 772 1536 in
802 1506 919 1536 dando
949 1511 981 1537 et
1014 1505 1149 1548 cogitur
1182 1504 1347 1536 sollicitus
1380 1515 1457 1536 esse
1487 1505 1530 1536 de
1562 1504 1768 1546 accipiendo
1787 1510 1819 1536 et

347 1569 470 1594 cetera.

436 1620 669 1652 Auctoritates
698 1620 860 1652 inductae
879 1632 941 1662 pro
971 1620 1033 1652 ista
1064 1626 1160 1662 parte
1186 1620 1436 1651 concedendae
1455 1626 1544 1651 sunt.
1571 1619 1717 1652 Ratione
1736 1631 1818 1652 con-

348 1678 512 1710 clusionis
553 1684 668 1709 essent
705 1684 819 1710 tamen
857 1679 1097 1720 exponendae,
1135 1678 1214 1719 quia
1251 1677 1352 1709 etiam
1389 1678 1610 1709 concedunt⁶
1643 1677 1818 1709 avaritiam

346 1746 417 1767 non
451 1736 562 1767 solum
595 1747 672 1767 esse
705 1736 859 1777 peiorem
892 1736 1144 1778 prodigalitate,
1186 1736 1247 1767 sed
1281 1735 1381 1767 etiam
1415 1735 1576 1767 omnibus
1613 1735 1686 1766 aliis
1719 1735 1817 1767 vitiis.

347 1794 447 1825 Unde
473 1799 565 1825 esset
597 1794 843 1825 declarandum
878 1794 1055 1834 quomodo
1087 1793 1201 1834 aliquo
1234 1794 1339 1825 modo
1372 1794 1438 1825 hoc
1478 1794 1604 1825 babeat
1630 1793 1817 1825 veritatem.

434 1851 490 1882 Ad
518 1851 608 1882 aliud
635 1851 668 1882 in
698 1851 896 1893 oppositum
927 1851 1112 1883 dicendum
1143 1857 1194 1883 est
1223 1852 1316 1892 quod
1346 1851 1428 1882 illud
1457 1862 1529 1883 non
1559 1851 1682 1883 dicitur
1707 1850 1819 1882 avaris

346 1908 572 1940 existentibus
602 1909 724 1948 avaris,
758 1908 837 1950 quia
870 1909 950 1940 illud
968 1908 978 1924 ⁷
1010 1909 1133 1940 dicitur
1162 1909 1255 1950 quod
1285 1909 1402 1940 dando
1434 1909 1562 1940 faciant
1594 1908 1658 1940 sibi
1688 1909 1819 1940 amicos

346 1967 440 2007 quod
473 1978 543 1998 non
577 1966 747 2010 contingit
783 1966 894 1998 avaris
926 1966 1151 1998 existentibus
1185 1966 1304 2005 avaris,
1340 1967 1402 1998 sed
1436 1966 1559 1998 dicitur
1595 1966 1643 1997 eis
1677 1966 1733 2007 qui
1766 1967 1819 1998 vel

346 2024 483 2055 fuerunt
512 2024 604 2055 avari
629 2025 681 2056 vel
711 2025 803 2056 bona
832 2035 920 2065 quae
949 2025 1079 2056 babent
1108 2024 1268 2055 dicuntur
1286 2035 1482 2055 mammona
1512 2029 1544 2055 et
1574 2030 1697 2056 cetera.
1718 2025 1819 2056 Unde

346 2081 446 2113 etiam
466 2082 493 2113 si
512 2081 692 2124 contingat
709 2082 893 2123 pecuniam
911 2093 1092 2113 avarorum
1112 2088 1190 2123 post
1208 2088 1352 2113 mortem
1371 2092 1491 2113 eorum
1517 2083 1607 2113 bene
1625 2081 1819 2124 dispensari

346 2145 379 2171 et
407 2140 532 2170 multas
562 2139 723 2171 utilitates
754 2139 848 2171 multi
874 2151 914 2171 ex
943 2139 999 2171 illa
1027 2145 1288 2180 consequantur
1304 2139 1324 2177 Β,
1355 2151 1425 2171 non
1451 2139 1501 2183 sic
1526 2145 1639 2171 autem
1658 2145 1819 2181 respectu

346 2196 481 2240 prodigi
500 2197 577 2238 quia
604 2197 680 2239 ipso
699 2204 833 2229 mortuo
859 2208 927 2229 non
954 2203 1217 2238 consequuntur
1242 2197 1354 2239 aliqua
1379 2197 1459 2228 talia
1484 2198 1586 2236 bona,
1614 2217 1652 2220 Q
1679 2203 1820 2239 propter

346 2255 439 2295 quod
469 2254 602 2285 videtur
631 2255 724 2296 quod
754 2255 866 2286 minus
895 2256 1021 2286 malum
1051 2260 1142 2286 esset
1172 2255 1300 2286 avare⁹
1332 2266 1509 2287 reservare
1538 2266 1641 2296 quam
1674 2255 1819 2298 prodige

346 2313 553 2354 expendere,
580 2332 619 2335 —-
646 2324 716 2344 non
743 2313 842 2344 valet.
872 2312 963 2353 Quia
988 2312 1016 2343 si
1042 2312 1155 2353 aliqua
1181 2313 1273 2344 bona
1296 2313 1502 2355 contingant
1527 2324 1568 2345 ex
1592 2312 1693 2344 bonis
1716 2312 1819 2351 avari,

437 2482 443 2495 ¹
457 2490 488 2506 se
502 2481 558 2507 hoc
573 2481 695 2516 quaerit]
710 2481 765 2507 hoc
780 2490 811 2507 se
824 2484 845 2507 o*
859 2482 889 2507 P.
907 2497 939 2500 —
954 2481 963 2496 ²
978 2486 1073 2507 actum
1094 2482 1124 2508 P.
1146 2497 1178 2500 —-
1199 2482 1208 2497 ³
1223 2481 1251 2507 id
1271 2482 1301 2507 Ρ.
1322 2497 1354 2500 —
1370 2483 1379 2496 ⁴
1393 2490 1446 2507 om.
1463 2482 1491 2507 P.
1513 2497 1545 2500 —
1563 2482 1572 2496 ⁵
1586 2485 1739 2516 utrumque
1756 2481 1819 2507 PV.

347 2540 374 2543 fl
393 2525 403 2539 θ
418 2525 598 2559 praecedunt
612 2525 634 2550 P
644 2525 675 2551 V.
691 2541 722 2543 —
740 2526 747 2540 ⁷
761 2525 790 2550 id
804 2525 834 2551 P.
850 2541 881 2543 —
897 2525 907 2540 Β
921 2529 1117 2559 consequatur
1131 2526 1163 2551 V.
1178 2541 1210 2544 ᾔ
1225 2526 1235 2540 ¹³
1249 2534 1347 2551 amare
1367 2526 1399 2551 V.

427 2654 465 2681 (ll
487 2653 698 2679 Aristotelis
720 2654 812 2679 Eflzl'c.
834 2654 1003 2680 Nicomae‘rclz.
1025 2654 1041 2680 l.
1064 2655 1109 2686 IV,
1129 2663 1152 2680 c.
1168 2656 1184 2679 3
1205 2654 1249 2687 [al.
1270 2655 1295 2687 4]
1317 2657 1356 2689 (p.
1377 2656 1464 2680 1121).
1479 2654 1506 2681 Ὁ
1519 2656 1545 2681 δὲ
1559 2658 1651 2682 τοῦτον
1664 2655 1708 2681 τὸν
1721 2655 1819 2690 τρόπον

346 2694 448 2725 &natm
466 2696 534 2721 πολὺ
553 2697 625 2721 δοκεῖ
641 2696 749 2729 βελτίων)
768 2700 813 2722 τοῦ
834 2696 1002 2732 ἀνελευθέρου
1022 2697 1083 2723 εἶναι
1097 2696 1137 2723 διά
1150 2707 1177 2722 τε
1191 2698 1221 2722 τὰ
1236 2696 1368 2732 εἰρημένα,
1383 2698 1426 2722 καὶ
1439 2697 1478 2722 ὅτι
1491 2697 1505 2722 ὁ
1520 2697 1565 2730 μὲν
1579 2696 1674 2733 ὠφελεῖ
1693 2697 1818 2728 πολλούς,

347 2736 361 2763 ὁ
374 2737 401 2762 δὲ
415 2736 514 2767 οὐδένα,
531 2735 587 2763 ἀλλ’
602 2735 654 2763 οὐδ’
670 2737 756 2766 αὑτόν,
