2493 3458
750 387 923 414 TERTIUM
953 387 1250 421 QUODLIBETUM,
1280 387 1314 421 Q.
1345 388 1356 413 1
1739 388 1789 413 305

318 481 442 512 ponatur
461 476 600 506 secundo,
619 479 687 502 tunc
708 475 776 502 licet
797 476 923 501 essentia
944 476 990 501 vel
1010 484 1056 501 res
1077 480 1215 510 quantum
1240 475 1275 501 ad
1298 484 1362 501 esse
1386 475 1530 501 essentiae
1553 476 1646 510 possit
1671 485 1789 502 manere

318 526 371 552 sub
397 525 452 550 alio
477 534 541 550 esse
565 524 702 559 opposito
726 524 815 559 priori
838 533 903 550 esse
928 533 943 549 a
967 533 1022 558 quo
1047 524 1195 558 spoliatur⁷
1217 524 1290 549 sicut
1314 524 1389 558 ignis
1416 529 1553 558 quantum
1578 525 1614 550 ad
1637 525 1788 551 materiam

318 578 415 600 manet
437 574 491 599 sul)
515 573 607 599 forma
634 572 770 607 opposita
797 572 907 598 formae
935 572 1018 605 ignis,
1044 582 1101 598 non
1129 577 1225 598 tamen
1251 577 1353 607 posset
1378 573 1500 607 intelligi
1526 582 1594 599 vere
1621 583 1666 600 res
1693 574 1789 608 aliqua

318 626 456 657 quantum
486 621 523 647 ad
553 630 618 647 esse
647 621 786 647 materiae
816 621 857 646 sic
879 621 958 655 quod
987 625 1064 646 esset
1093 621 1206 655 privata
1233 621 1311 646 omni
1338 630 1402 647 esse
1428 622 1609 653 existentiae,
1636 622 1710 648 sicut
1735 631 1789 648 nec

316 671 446 700 materia.
466 674 498 696 ut
526 670 708 696 communius
741 670 867 704 ponitur,
900 678 959 695 non
991 674 1089 704 potest
1122 669 1244 704 intelligi
1273 678 1392 695 manere
1420 671 1473 695 sul)
1502 670 1665 704 privatione
1698 671 1790 697 omnis

318 719 439 745 formae.
463 719 499 744 Et
521 718 588 744 ideo
612 719 667 744 hoc
692 718 811 744 dimisso
836 722 863 744 et
886 718 1039 752 supposito
1064 718 1150 752 quod,
1174 718 1248 743 sicut
1270 719 1425 752 probatum
1449 723 1500 746 est.
1524 728 1588 745 esse
1612 724 1641 745 et
1664 721 1789 746 essentia

317 767 374 794 sint
389 767 464 793 idem
480 776 518 799 re,
534 767 699 799 (licendum,
714 771 852 801 quantum
874 767 910 792 ad
931 770 1115 800 praesentem
1137 766 1335 801 quaestionem
1357 767 1490 801 pertinet,
1506 768 1583 802 quod
1598 777 1791 803 unaquaeque

317 825 363 842 res
392 820 503 842 tantum
532 816 621 842 habet
649 816 685 841 de
709 824 774 841 esse
798 815 964 841 essentiae¹
985 820 1123 849 quantum
1151 815 1239 840 habet
1267 815 1302 841 de
1330 824 1394 841 esse
1421 816 1601 844 existentiae.
1622 821 1650 842 et
1678 822 1790 843 tantum

318 865 406 891 habet
421 865 457 890 de
481 864 635 890 existentia
656 868 792 898 quantum
815 864 924 889 habet2
947 863 981 889 de
1006 864 1140 889 essentia.
1165 864 1208 889 Ita
1231 864 1308 898 quod
1336 869 1490 899 antequam
1515 874 1560 891 res
1584 865 1639 891 sint
1663 866 1691 891 in
1715 870 1790 898 actu,

318 913 431 939 suntin
452 913 583 948 potentia
605 917 743 947 quantum
765 912 801 937 ad
828 917 982 946 utrumque
1007 914 1009 945 ξ
1034 916 1062 938 et
1090 912 1206 946 quando
1231 917 1296 938 sunt
1320 917 1386 938 actu
1409 917 1474 939 sunt
1500 918 1566 939 actu
1590 919 1727 948 quantum
1753 915 1789 941 ad

319 965 480 995 utrumque.
501 961 654 995 Figmenta
675 965 771 986 autem
793 960 867 986 sicut
887 965 931 986 est
952 960 1106 991 chimaera,
1127 961 1235 986 nullum
1257 970 1321 987 esse
1346 962 1422 987 reale
1443 962 1551 988 habent
1571 971 1624 988 nec
1648 967 1714 989 actu
1737 972 1790 989 nec

319 1010 452 1045 potentia
473 1009 540 1044 quia
561 1009 711 1044 implicant
731 1009 966 1035 contradictoria.

407 1057 454 1083 Ad
474 1057 596 1092 primum
618 1066 687 1091 ergo
709 1056 789 1091 quod
809 1057 857 1082 alii
878 1056 1018 1082 inducunt
1039 1057 1074 1082 ad
1096 1057 1295 1091 probandum3
1316 1057 1393 1091 quod
1415 1058 1551 1084 differunt
1566 1067 1595 1084 re
1610 1059 1638 1084 in
1653 1059 1792 1085 creaturis

318 1115 383 1132 esse
405 1110 433 1131 et
453 1105 589 1138 essentia,
609 1105 764 1131 dicendum
789 1105 869 1140 quod
893 1105 1003 1139 aliquid
1027 1105 1132 1131 dicitur
1155 1114 1219 1131 esse
1242 1106 1271 1131 in
1294 1107 1425 1140 potentia
1446 1107 1482 1132 ad
1504 1107 1613 1141 aliquid
1629 1107 1791 1142 dupliciter.

319 1155 384 1181 Uno
405 1154 493 1180 modo
513 1163 566 1188 per
589 1154 698 1188 aliquid
723 1154 800 1188 quod
816 1158 860 1179 est
883 1163 950 1188 pars
973 1154 1016 1179 sui
1032 1154 1077 1179 vel
1099 1155 1196 1188 aliquo
1220 1154 1307 1180 modo
1333 1155 1494 1181 intraneum
1521 1157 1524 1188 Ι
1551 1156 1683 1182 subiecto
1696 1158 1704 1172 '¹
1728 1156 1791 1189 sibi,

319 1204 393 1229 sicut
414 1206 551 1237 quantum
572 1207 617 1228 est
638 1203 734 1228 album
755 1202 783 1228 in
803 1203 934 1236 potentia
954 1211 1006 1237 per
1025 1203 1219 1237 superficiem.
1241 1203 1277 1229 Et
1298 1204 1340 1229 sic
1363 1212 1421 1229 non
1437 1203 1549 1230 *dicitur
1572 1209 1705 1230 creatura
1728 1214 1792 1231 esse

321 1251 398 1286 quod
422 1251 459 1277 sit
481 1255 617 1286 respectu
632 1251 687 1277 Dei
711 1251 851 1277 creatoris
878 1251 905 1276 in
932 1251 1062 1285 potentia
1087 1251 1123 1277 ad
1146 1260 1220 1283 esse,
1245 1251 1311 1286 quia
1339 1256 1470 1278 creatura
1497 1257 1653 1288 antequam
1680 1259 1794 1280 creetur

320 1309 377 1326 uon
405 1300 510 1326 dicitur
535 1308 599 1326 esse
626 1300 653 1325 in
681 1300 813 1334 potentia
837 1299 874 1325 ad
898 1308 962 1325 esse
988 1308 1040 1334 per
1063 1300 1225 1334 potentiam
1251 1300 1398 1335 passivam
1423 1310 1497 1335 quae
1521 1302 1557 1327 sit
1580 1302 1608 1327 in
1631 1302 1703 1337 ipsa.
1726 1303 1793 1329 Alio

320 1349 408 1375 modo
435 1348 540 1374 dieitur
567 1348 676 1383 aliquid
704 1357 768 1374 esse
797 1348 825 1374 in
855 1348 986 1383 potentia
1016 1357 1069 1383 per
1097 1349 1258 1383 potentiam
1283 1349 1457 1375 existentem
1481 1350 1510 1376 in
1533 1351 1589 1376 alio
1614 1356 1642 1377 et
1664 1360 1716 1386 per
1738 1352 1794 1378 hoc

321 1397 399 1432 quod
424 1401 466 1423 est
486 1406 544 1423 non
565 1397 714 1423 includere
736 1397 962 1423 contradictoria
982 1397 1057 1423 sicut
1088 1397 1248 1432 figmenta⁵
1273 1397 1432 1430 includunt,
1462 1403 1490 1425 et
1513 1399 1584 1425 illoss
1606 1400 1693 1425 modo
1717 1400 1794 1426 idem

322 1446 518 1472 diversimode
539 1450 693 1480 acceptum
715 1450 758 1471 est
778 1445 806 1471 in
827 1446 958 1480 potentia
982 1445 1019 1471 ad
1039 1455 1070 1471 se
1091 1446 1193 1480 ipsum.
1214 1447 1250 1472 Et
1269 1446 1310 1472 sic
1333 1447 1461 1473 essentia
1484 1452 1528 1473 est
1550 1448 1579 1473 in
1601 1449 1733 1483 potentia
1758 1449 1795 1475 ad

321 1503 395 1527 esse,
414 1503 469 1520 nec
489 1498 605 1529 oportet
626 1503 660 1520 ex
675 1495 683 1509 ⁷
707 1495 763 1520 hoc
790 1494 869 1528 quod
896 1494 1023 1520 essentia
1046 1495 1084 1520 sit
1110 1494 1167 1520 alia
1192 1503 1239 1521 res
1263 1496 1298 1521 ab
1325 1504 1399 1528 esse,
1420 1496 1487 1530 quia
1511 1497 1566 1523 isto
1592 1498 1680 1524 modo
1707 1497 1794 1524 etiam

321 1543 416 1578 ipsum
440 1551 505 1569 esse
528 1547 573 1569 est
595 1543 624 1568 in
646 1543 787 1578 potentia,
810 1547 841 1568 ut
863 1543 898 1569 sit
923 1543 951 1568 in
975 1548 1040 1570 actu
1063 1544 1199 1578 propriae
1222 1548 1351 1570 naturae.

411 1591 457 1616 Ad
480 1590 640 1617 secundum
665 1590 820 1616 dicendum
844 1591 923 1625 quod
947 1600 1000 1616 nec
1024 1600 1093 1617 vere
1116 1596 1215 1624 potest
1239 1592 1365 1618 essentia
1392 1592 1513 1628 intelligi
1539 1603 1593 1620 nec
1619 1594 1706 1620 etiam
1730 1603 1795 1621 esse

320 1640 374 1666 sub
404 1639 542 1674 opposito
572 1639 663 1674 ipsius
693 1648 758 1665 esse
784 1639 807 1665 si
834 1639 995 1674 accipiatur
1021 1640 1147 1665 essentia
1172 1644 1200 1666 et
1223 1649 1288 1666 esse
1313 1641 1504 1673 uniformiter,
1524 1643 1590 1677 quia
1616 1643 1744 1669 essentia
1767 1644 1795 1670 in

322 1692 388 1714 actu
408 1697 466 1713 non
486 1691 584 1722 potest
604 1696 669 1714 esse
690 1688 742 1713 sub
764 1688 901 1722 opposito
923 1697 988 1714 esse
1009 1688 1034 1713 in
1057 1692 1131 1720 actu,
1146 1697 1200 1714 nec
1221 1689 1367 1715 essentia⁹
1386 1690 1414 1715 in
1437 1691 1568 1725 potentia
1582 1692 1635 1717 sub
1656 1693 1794 1727 opposito

322 1745 385 1763 esse
400 1736 428 1762 in
451 1736 592 1771 potentia.
613 1736 671 1762 Sed
687 1745 786 1762 verum
802 1740 846 1762 est
867 1737 945 1771 quod
960 1737 1086 1762 essentia
1108 1746 1175 1763 vere
1196 1739 1314 1772 potest¹³
1334 1738 1457 1773 intelligi
1477 1748 1535 1765 non
1556 1748 1621 1766 esse
1638 1741 1657 1755 ¹⁰
1678 1741 1794 1775 quando

321 1794 390 1811 vere
404 1794 461 1810 non
475 1785 563 1811 habet
578 1794 642 1811 esse
657 1785 696 1810 ita
711 1785 791 1819 quod
806 1785 967 1819 accipiatur
982 1785 1109 1811 essentia
1123 1787 1141 1801 ¹¹
1165 1786 1193 1811 in
1215 1787 1218 1819 Ι
1240 1787 1372 1821 potentia
1384 1792 1412 1813 et
1432 1797 1489 1813 non
1510 1797 1575 1814 esse
1596 1789 1623 1814 in
1639 1794 1713 1822 actu,
1729 1790 1795 1824 quia

322 1835 394 1860 haec
415 1838 459 1859 est
479 1842 560 1859 vera:
581 1833 709 1860 essentia
730 1834 846 1867 quando
871 1838 915 1860 est
935 1834 1026 1859 solum
1049 1835 1076 1859 in
1096 1835 1236 1869 potentia,
1247 1844 1304 1861 non
1325 1836 1413 1862 habet
1427 1845 1491 1863 esse
1506 1837 1534 1862 in
1553 1842 1628 1864 actu.
1645 1839 1688 1864 Ita
1708 1838 1795 1864 etiarn

322 1883 416 1917 ipsum
440 1891 505 1908 esse
528 1882 645 1916 quando
670 1886 714 1908 est
737 1886 848 1908 tanturn
873 1883 900 1908 in
924 1883 1055 1917 potentia
1070 1884 1204 1913 creantis,
1224 1893 1281 1910 non
1301 1885 1389 1911 habet
1410 1894 1475 1911 esse
1495 1886 1523 1911 in
1544 1891 1610 1913 actu
1631 1887 1658 1912 in
1679 1888 1797 1922 propria

322 1935 433 1957 natura.
453 1931 538 1957 Unde
559 1935 602 1957 tot
622 1935 688 1957 sunt
708 1940 773 1957 esse
789 1935 859 1965 quot
873 1932 893 1946 ¹²¹
907 1932 1062 1962 essentiae,
1076 1936 1104 1957 et
1118 1940 1234 1967 semper
1248 1937 1359 1959 tantum
1374 1938 1418 1960 est
1432 1934 1467 1960 de
1487 1943 1545 1960 uno
1566 1940 1704 1970 quantum
1719 1940 1763 1962 est
1778 1937 1798 1951 ¹³

323 1980 360 2006 de
384 1979 449 2005 alio.
463 1980 525 2006 Nec
546 1984 590 2006 est
612 1980 780 2014 ponendum
799 1980 877 2014 quod
892 1980 1001 2014 aliquid
1020 1981 1057 2006 sit
1080 1990 1132 2015 per
1155 1990 1219 2007 esse
1239 1981 1314 2008 sicut
1328 1983 1347 1997 ¹*
1367 1992 1418 2017 per
1439 1983 1547 2018 aliquid
1568 1985 1797 2018 superadditum,

322 2032 354 2054 ut
374 2028 491 2063 quidam
513 2028 612 2054 dicunt
632 2028 669 2054 de
689 2028 867 2061 substantia,
887 2029 933 2054 vel
954 2037 1007 2063 per
1029 2038 1095 2055 esse
1120 2029 1173 2055 sibi
1193 2031 1371 2056 substratum
1391 2031 1466 2058 sicut
1485 2032 1532 2058 isti
1552 2032 1580 2058 hi
1600 2033 1676 2059 idem
1698 2034 1798 2060 dicunt

324 2077 361 2102 de
381 2076 515 2102 omnibus
536 2076 737 2103 accidentibus
757 2086 832 2111 quae
846 2078 866 2092 ¹⁵
884 2077 993 2103 habent
1016 2086 1081 2103 esse
1105 2078 1171 2112 quia
1186 2079 1364 2113 recipiuntur
1378 2080 1405 2105 in
1420 2081 1571 2113 existente,
1594 2082 1660 2116 quia
1681 2082 1798 2116 quando

323 2125 487 2151 substantia
506 2125 591 2160 panis
611 2126 798 2157 convertitur,
820 2125 967 2160 quantitas
987 2135 1141 2152 remanens
1160 2127 1249 2153 habet
1269 2136 1343 2159 esse,
1363 2137 1416 2154 nec
1437 2133 1534 2155 tamen
1554 2130 1642 2156 habet
1662 2139 1727 2156 esse
1746 2139 1799 2166 per

323 2182 390 2200 esse
415 2174 593 2200 substratum
620 2183 685 2200 cum
712 2174 876 2200 substantia
901 2183 959 2200 non
985 2179 1111 2207 maneat,
1130 2175 1218 2202 immo
1239 2180 1283 2202 est
1296 2177 1316 2192 1⁶
1340 2186 1393 2212 per
1418 2186 1500 2204 suum
1527 2187 1592 2204 esse
1615 2179 1694 2213 quod
1719 2180 1799 2214 prius

324 2221 455 2247 habebat
474 2225 506 2247 ut
524 2221 553 2247 in
573 2221 639 2252 alio,
659 2230 735 2248 nunc
756 2226 852 2248 autem
872 2226 902 2248 ut
923 2222 951 2248 in
971 2231 1003 2248 se
1023 2223 1194 2249 subsistens.

413 2270 461 2296 Ad
484 2269 555 2296 illud
579 2270 615 2296 de
639 2279 727 2296 causa
751 2271 921 2305 exemplari,
945 2271 1101 2298 dicendum
1125 2276 1169 2298 est
1191 2273 1271 2307 quod
1290 2273 1358 2300 lieet
1372 2274 1452 2300 Deus
1475 2275 1562 2301 fuerit
1575 2280 1800 2310 repraesentans

324 2327 371 2345 res
385 2319 421 2344 ab
436 2322 564 2351 aeterno,
579 2326 637 2344 non
653 2322 751 2345 tamen
764 2319 818 2345 fuit
838 2320 874 2345 ab
895 2323 1014 2346 aeterno
1035 2328 1123 2346 causa
1144 2321 1319 2356 exemplaris
1332 2324 1352 2338 ¹⁷
1371 2327 1438 2349 actu
1456 2332 1580 2350 causans
1595 2325 1714 2359 aliquod
1734 2333 1800 2352 esse

416 2453 423 2466 ¹
438 2451 612 2478 existentiae
628 2452 659 2478 C.
680 2468 711 2470 —
734 2452 743 2466 Ξ
756 2461 810 2478 om.
826 2452 858 2478 C.
879 2468 911 2470 —
931 2453 942 2467 ³
955 2452 1096 2479 inducunt
1110 2469 1142 2472 —
1163 2455 1355 2489 probandum]
1376 2455 1527 2483 includunt
1547 2458 1699 2492 probando
1714 2458 1746 2485 C.
1767 2475 1799 2478 —

324 2497 334 2510 '¹
349 2495 530 2521 substantiae
545 2495 578 2522 C.
598 2511 630 2514 -
652 2496 661 2510 ³
672 2495 836 2530 significata
852 2495 905 2521 ΞΡ.
920 2511 953 2514 ——-
974 2496 984 2509 ‘³
996 2495 1052 2522 isto
1067 2496 1099 2522 C.
1114 2513 1146 2516 -
1163 2498 1171 2512 ⁷
1184 2503 1304 2533 propter
1316 2499 1348 2525 C.
1362 2515 1395 2518 —
1410 2500 1420 2514 ³
1433 2504 1477 2526 est
1493 2500 1524 2527 C.
1539 2517 1572 2520 —
1586 2502 1597 2516 ⁰
1610 2510 1678 2528 vere
1691 2503 1799 2537 potest]

324 2547 424 2578 potest
436 2552 506 2569 vere
522 2543 554 2570 C.
574 2560 608 2563 -—
635 2546 653 2559 ⁴⁰
667 2548 695 2570 et
709 2544 729 2570 S
742 2553 748 2577 ;
769 2553 833 2570 esse
848 2553 924 2571 corr.
938 2551 973 2570 211
985 2554 1022 2571 m.
1036 2545 1056 2571 S
1068 2554 1073 2577 3
1084 2542 1129 2571 Ἑο
1150 2550 1179 2572 et
1193 2546 1224 2573 C.
1245 2563 1279 2566 —
1301 2549 1321 2563 ¹¹
1335 2548 1496 2583 accipiatur
1516 2551 1653 2585 essentia]
1675 2552 1801 2587 accipiat

326 2595 392 2613 esse
406 2587 436 2612 P.
459 2603 492 2606 —
520 2587 540 2602 ¹²
553 2591 619 2613 sunt
638 2588 706 2613 add.
722 2588 754 2614 C.
779 2604 810 2607 —
836 2588 856 2603 ¹³
869 2597 923 2614 om.
944 2588 976 2615 C.
1000 2604 1033 2607 —
1058 2590 1078 2604 ¹⁴
1093 2593 1229 2624 tanquam
1244 2590 1276 2617 C.
1299 2607 1332 2610 —
1358 2593 1378 2607 ¹⁵
1391 2593 1470 2627 quod
1490 2594 1522 2620 C.
1547 2610 1578 2613 —-
1604 2595 1624 2610 ¹⁶
1637 2604 1691 2621 om.
1712 2596 1744 2622 C.
1769 2611 1801 2615 -—

329 2631 349 2645 ¹⁷
362 2630 398 2656 ab
412 2646 446 2649 —
461 2630 645 2665 exemplaris]
662 2639 751 2657 causa
765 2631 940 2666 exemplaris
955 2632 991 2658 ab
1008 2636 1128 2659 aeterno
1149 2633 1180 2659 C.

1699 2685 1757 2712 39*

1845 904 1909 930 cod.
1925 904 1947 930 C

1822 940 1871 965 fol.
1886 942 1920 966 95
1935 941 1974 965 Y*

1835 1147 1915 1183 Vcod.
1930 1148 1949 1172 S

1827 1183 1874 1208 101.
1889 1184 1923 1208 43
1938 1183 1976 1208 Ra

1851 1781 1914 1807 cod.
1931 1783 1952 1807 P

1823 1817 1870 1843 fol.
1887 1819 1936 1843 152
1950 1818 1990 1843 V’J
