<?xml version="1.0" encoding="UTF-8"?>
<!DOCTYPE html PUBLIC "-//W3C//DTD XHTML 1.0 Transitional//EN"
    "http://www.w3.org/TR/xhtml1/DTD/xhtml1-transitional.dtd">
<html xmlns="http://www.w3.org/1999/xhtml" xml:lang="en" lang="en">
 <head>
  <title>
</title>
<meta http-equiv="Content-Type" content="text/html;charset=utf-8" />
  <meta name='ocr-system' content='tesseract 3.04.00' />
  <meta name='ocr-capabilities' content='ocr_page ocr_carea ocr_par ocr_line ocrx_word'/>
</head>
<body>
  <div class='ocr_page' id='page_1' title='image "./lesquatrepremier00godf_0346.png"; bbox 0 0 2493 3458; ppageno 0'>
   <div class='ocr_carea' id='block_1_1' title="bbox 453 2112 616 2246">
    <p class='ocr_par' dir='ltr' id='par_1_1' title="bbox 453 2112 616 2246">
     <span class='ocr_line' id='line_1_1' title="bbox 488 2112 590 2138; baseline -0.01 0"><span class='ocrx_word' id='word_1_1' title='bbox 488 2112 553 2138; x_wconf 76' lang='lat' dir='ltr'><strong>cod.</strong></span> <span class='ocrx_word' id='word_1_2' title='bbox 569 2112 590 2137; x_wconf 71' lang='grc' dir='ltr'><strong><em>Ρ</em></strong></span> 
     </span>
     <span class='ocr_line' id='line_1_2' title="bbox 453 2148 616 2173; baseline -0.006 0"><span class='ocrx_word' id='word_1_3' title='bbox 453 2148 501 2173; x_wconf 73' lang='lat' dir='ltr'><strong>sol.</strong></span> <span class='ocrx_word' id='word_1_4' title='bbox 515 2149 565 2173; x_wconf 69' lang='lat'>154</span> <span class='ocrx_word' id='word_1_5' title='bbox 576 2148 616 2172; x_wconf 66' lang='lat' dir='ltr'>Yh</span> 
     </span>
     <span class='ocr_line' id='line_1_3' title="bbox 488 2183 587 2209; baseline 0 0"><span class='ocrx_word' id='word_1_6' title='bbox 488 2183 553 2209; x_wconf 81' lang='lat' dir='ltr'><strong>cod.</strong></span> <span class='ocrx_word' id='word_1_7' title='bbox 567 2184 587 2209; x_wconf 78' lang='lat' dir='ltr'>S</span> 
     </span>
     <span class='ocr_line' id='line_1_4' title="bbox 464 2218 616 2246; baseline 0 -2"><span class='ocrx_word' id='word_1_8' title='bbox 464 2218 512 2244; x_wconf 79' lang='lat' dir='ltr'><strong>fol.</strong></span> <span class='ocrx_word' id='word_1_9' title='bbox 525 2221 559 2246; x_wconf 82' lang='lat'>47</span> <span class='ocrx_word' id='word_1_10' title='bbox 576 2219 616 2244; x_wconf 71' lang='lat' dir='ltr'>Vb</span> 
     </span>
    </p>
   </div>
   <div class='ocr_carea' id='block_1_2' title="bbox 643 401 1754 430">
    <p class='ocr_par' dir='ltr' id='par_1_2' title="bbox 643 401 1754 430">
     <span class='ocr_line' id='line_1_5' title="bbox 643 401 1754 430; baseline 0.001 -2"><span class='ocrx_word' id='word_1_11' title='bbox 643 405 695 428; x_wconf 72' lang='lat'>324</span> <span class='ocrx_word' id='word_1_12' title='bbox 1009 402 1197 429; x_wconf 70' lang='lat' dir='ltr'>MAfflSTRl</span> <span class='ocrx_word' id='word_1_13' title='bbox 1228 402 1447 429; x_wconf 79' lang='lat' dir='ltr'>GODEFRlDl</span> <span class='ocrx_word' id='word_1_14' title='bbox 1477 402 1528 428; x_wconf 84' lang='lat' dir='ltr'>DE</span> <span class='ocrx_word' id='word_1_15' title='bbox 1557 401 1754 430; x_wconf 68' lang='lat' dir='ltr'>Fox&#39;rlssus</span> 
     </span>
    </p>
   </div>
   <div class='ocr_carea' id='block_1_3' title="bbox 643 489 2120 2387">
    <p class='ocr_par' dir='ltr' id='par_1_3' title="bbox 643 489 2119 2054">
     <span class='ocr_line' id='line_1_6' title="bbox 733 489 2115 527; baseline 0.001 -10"><span class='ocrx_word' id='word_1_16' title='bbox 733 491 806 517; x_wconf 84' lang='lat' dir='ltr'>Cum</span> <span class='ocrx_word' id='word_1_17' title='bbox 839 500 919 525; x_wconf 77' lang='lat' dir='ltr'>ergo,</span> <span class='ocrx_word' id='word_1_18' title='bbox 951 495 980 517; x_wconf 91' lang='lat' dir='ltr'>ut</span> <span class='ocrx_word' id='word_1_19' title='bbox 1008 490 1198 526; x_wconf 75' lang='lat' dir='ltr'>praemissum</span> <span class='ocrx_word' id='word_1_20' title='bbox 1228 495 1272 517; x_wconf 82' lang='lat' dir='ltr'>est</span> <span class='ocrx_word' id='word_1_21' title='bbox 1289 492 1304 522; x_wconf 70' lang='lat'>¹,</span> <span class='ocrx_word' id='word_1_22' title='bbox 1333 489 1437 525; x_wconf 77' lang='lat' dir='ltr'>triplex</span> <span class='ocrx_word' id='word_1_23' title='bbox 1469 490 1531 516; x_wconf 59' lang='grc' dir='ltr'>εἰτ’</span> <span class='ocrx_word' id='word_1_24' title='bbox 1562 499 1627 516; x_wconf 71' lang='lat' dir='ltr'>esse</span> <span class='ocrx_word' id='word_1_25' title='bbox 1659 490 1699 516; x_wconf 84' lang='lat' dir='ltr'>rei</span> <span class='ocrx_word' id='word_1_26' title='bbox 1727 491 1772 517; x_wconf 82' lang='lat' dir='ltr'>vel</span> <span class='ocrx_word' id='word_1_27' title='bbox 1800 491 1893 526; x_wconf 81' lang='lat' dir='ltr'>magis</span> <span class='ocrx_word' id='word_1_28' title='bbox 1924 491 2040 527; x_wconf 79' lang='lat' dir='ltr'>proprie</span> <span class='ocrx_word' id='word_1_29' title='bbox 2068 500 2115 518; x_wconf 82' lang='lat' dir='ltr'>res</span> 
     </span>
     <span class='ocr_line' id='line_1_7' title="bbox 645 538 2116 574; baseline 0.001 -9"><span class='ocrx_word' id='word_1_30' title='bbox 645 540 751 565; x_wconf 69' lang='lat' dir='ltr'>habeat</span> <span class='ocrx_word' id='word_1_31' title='bbox 774 539 878 574; x_wconf 79' lang='lat' dir='ltr'>triplex</span> <span class='ocrx_word' id='word_1_32' title='bbox 898 547 964 564; x_wconf 76' lang='lat' dir='ltr'>esse</span> <span class='ocrx_word' id='word_1_33' title='bbox 978 539 1005 564; x_wconf 81' lang='lat'>³:</span> <span class='ocrx_word' id='word_1_34' title='bbox 1035 547 1091 564; x_wconf 84' lang='lat' dir='ltr'>uno</span> <span class='ocrx_word' id='word_1_35' title='bbox 1113 538 1200 564; x_wconf 80' lang='lat' dir='ltr'>modo</span> <span class='ocrx_word' id='word_1_36' title='bbox 1221 538 1248 564; x_wconf 91' lang='lat' dir='ltr'>in</span> <span class='ocrx_word' id='word_1_37' title='bbox 1270 538 1387 573; x_wconf 89' lang='lat' dir='ltr'>propria</span> <span class='ocrx_word' id='word_1_38' title='bbox 1408 542 1510 564; x_wconf 84' lang='lat' dir='ltr'>natura</span> <span class='ocrx_word' id='word_1_39' title='bbox 1530 543 1559 564; x_wconf 86' lang='lat' dir='ltr'>et</span> <span class='ocrx_word' id='word_1_40' title='bbox 1585 538 1612 564; x_wconf 90' lang='lat' dir='ltr'>in</span> <span class='ocrx_word' id='word_1_41' title='bbox 1628 543 1694 564; x_wconf 88' lang='lat' dir='ltr'>actu</span> <span class='ocrx_word' id='word_1_42' title='bbox 1717 538 1792 565; x_wconf 82' lang='lat' dir='ltr'>sicut</span> <span class='ocrx_word' id='word_1_43' title='bbox 1818 539 1936 574; x_wconf 87' lang='lat' dir='ltr'>quando</span> <span class='ocrx_word' id='word_1_44' title='bbox 1962 548 2028 566; x_wconf 85' lang='lat' dir='ltr'>rosa</span> <span class='ocrx_word' id='word_1_45' title='bbox 2047 543 2092 566; x_wconf 86' lang='lat' dir='ltr'>est</span> <span class='ocrx_word' id='word_1_46' title='bbox 2107 541 2116 555; x_wconf 78' lang='lat'><strong>⁴</strong></span> 
     </span>
     <span class='ocr_line' id='line_1_8' title="bbox 645 585 2116 622; baseline 0 -9"><span class='ocrx_word' id='word_1_47' title='bbox 645 591 729 619; x_wconf 76' lang='lat' dir='ltr'>actu3</span> <span class='ocrx_word' id='word_1_48' title='bbox 755 586 812 612; x_wconf 85' lang='lat' dir='ltr'>alio</span> <span class='ocrx_word' id='word_1_49' title='bbox 833 586 920 612; x_wconf 84' lang='lat' dir='ltr'>modo</span> <span class='ocrx_word' id='word_1_50' title='bbox 947 586 973 612; x_wconf 94' lang='lat' dir='ltr'>in</span> <span class='ocrx_word' id='word_1_51' title='bbox 995 586 1126 620; x_wconf 82' lang='lat' dir='ltr'>potentia</span> <span class='ocrx_word' id='word_1_52' title='bbox 1147 585 1264 621; x_wconf 79' lang='lat' dir='ltr'>passiva</span> <span class='ocrx_word' id='word_1_53' title='bbox 1285 590 1313 612; x_wconf 86' lang='lat' dir='ltr'>et</span> <span class='ocrx_word' id='word_1_54' title='bbox 1333 585 1428 612; x_wconf 80' lang='lat' dir='ltr'>activa</span> <span class='ocrx_word' id='word_1_55' title='bbox 1449 591 1611 617; x_wconf 76' lang='lat' dir='ltr'>creaturae,</span> <span class='ocrx_word' id='word_1_56' title='bbox 1631 586 1670 612; x_wconf 76' lang='lat' dir='ltr'>ita</span> <span class='ocrx_word' id='word_1_57' title='bbox 1691 586 1769 620; x_wconf 80' lang='lat' dir='ltr'>quod</span> <span class='ocrx_word' id='word_1_58' title='bbox 1790 586 1846 612; x_wconf 84' lang='lat' dir='ltr'>iam</span> <span class='ocrx_word' id='word_1_59' title='bbox 1866 591 1911 613; x_wconf 75' lang='lat' dir='ltr'>est</span> <span class='ocrx_word' id='word_1_60' title='bbox 1937 586 1964 613; x_wconf 91' lang='lat' dir='ltr'>in</span> <span class='ocrx_word' id='word_1_61' title='bbox 1985 587 2116 622; x_wconf 85' lang='lat' dir='ltr'>potentia</span> 
     </span>
     <span class='ocr_line' id='line_1_9' title="bbox 643 633 2115 668; baseline 0.001 -9"><span class='ocrx_word' id='word_1_62' title='bbox 643 634 803 660; x_wconf 74' lang='lat' dir='ltr'>secundum</span> <span class='ocrx_word' id='word_1_63' title='bbox 834 633 951 668; x_wconf 78' lang='lat' dir='ltr'>aliquod</span> <span class='ocrx_word' id='word_1_64' title='bbox 990 633 1162 668; x_wconf 89' lang='lat' dir='ltr'>principium</span> <span class='ocrx_word' id='word_1_65' title='bbox 1199 634 1327 660; x_wconf 71' lang='lat' dir='ltr'>existens</span> <span class='ocrx_word' id='word_1_66' title='bbox 1359 633 1387 659; x_wconf 92' lang='lat' dir='ltr'>in</span> <span class='ocrx_word' id='word_1_67' title='bbox 1426 642 1519 659; x_wconf 79' lang='lat' dir='ltr'>rerum</span> <span class='ocrx_word' id='word_1_68' title='bbox 1552 638 1654 659; x_wconf 84' lang='lat' dir='ltr'>natura</span> <span class='ocrx_word' id='word_1_69' title='bbox 1687 638 1785 659; x_wconf 88' lang='lat' dir='ltr'>natum</span> <span class='ocrx_word' id='word_1_70' title='bbox 1820 634 1926 660; x_wconf 86' lang='lat' dir='ltr'>intrare</span> <span class='ocrx_word' id='word_1_71' title='bbox 1957 634 2115 661; x_wconf 73' lang='lat' dir='ltr'>essentiam</span> 
     </span>
     <span class='ocr_line' id='line_1_10' title="bbox 644 680 2116 716; baseline 0.001 -9"><span class='ocrx_word' id='word_1_72' title='bbox 644 691 725 707; x_wconf 74' lang='lat' dir='ltr'>suam</span> <span class='ocrx_word' id='word_1_73' title='bbox 757 681 835 716; x_wconf 74' lang='lat' dir='ltr'>quod</span> <span class='ocrx_word' id='word_1_74' title='bbox 856 681 972 715; x_wconf 81' lang='lat' dir='ltr'>quidem</span> <span class='ocrx_word' id='word_1_75' title='bbox 1003 681 1175 716; x_wconf 78' lang='lat' dir='ltr'>principium</span> <span class='ocrx_word' id='word_1_76' title='bbox 1197 687 1241 707; x_wconf 76' lang='lat' dir='ltr'>est</span> <span class='ocrx_word' id='word_1_77' title='bbox 1262 681 1382 707; x_wconf 80' lang='lat' dir='ltr'>materia</span> <span class='ocrx_word' id='word_1_78' title='bbox 1403 686 1431 707; x_wconf 89' lang='lat' dir='ltr'>et</span> <span class='ocrx_word' id='word_1_79' title='bbox 1451 681 1611 707; x_wconf 82' lang='lat' dir='ltr'>secundum</span> <span class='ocrx_word' id='word_1_80' title='bbox 1632 680 1805 716; x_wconf 86' lang='lat' dir='ltr'>principium</span> <span class='ocrx_word' id='word_1_81' title='bbox 1832 681 1959 707; x_wconf 66' lang='lat' dir='ltr'>activum</span> <span class='ocrx_word' id='word_1_82' title='bbox 1987 687 2116 708; x_wconf 85' lang='lat' dir='ltr'>creatum</span> 
     </span>
     <span class='ocr_line' id='line_1_11' title="bbox 645 728 2117 764; baseline 0.001 -9"><span class='ocrx_word' id='word_1_83' title='bbox 645 734 673 755; x_wconf 85' lang='lat' dir='ltr'>et</span> <span class='ocrx_word' id='word_1_84' title='bbox 698 729 865 764; x_wconf 77' lang='lat' dir='ltr'>proprium:</span> <span class='ocrx_word' id='word_1_85' title='bbox 893 729 978 755; x_wconf 77' lang='lat' dir='ltr'>tertio</span> <span class='ocrx_word' id='word_1_86' title='bbox 1008 729 1095 755; x_wconf 79' lang='lat' dir='ltr'>modo</span> <span class='ocrx_word' id='word_1_87' title='bbox 1122 733 1207 764; x_wconf 86' lang='lat' dir='ltr'>prout</span> <span class='ocrx_word' id='word_1_88' title='bbox 1232 733 1298 755; x_wconf 75' lang='lat' dir='ltr'>sunt</span> <span class='ocrx_word' id='word_1_89' title='bbox 1328 728 1488 754; x_wconf 76' lang='lat' dir='ltr'>virtualiter</span> <span class='ocrx_word' id='word_1_90' title='bbox 1508 732 1617 754; x_wconf 87' lang='lat' dir='ltr'>tantum</span> <span class='ocrx_word' id='word_1_91' title='bbox 1640 729 1666 754; x_wconf 93' lang='lat' dir='ltr'>in</span> <span class='ocrx_word' id='word_1_92' title='bbox 1687 729 1781 764; x_wconf 82' lang='lat' dir='ltr'>primo</span> <span class='ocrx_word' id='word_1_93' title='bbox 1802 734 1908 763; x_wconf 77' lang='lat' dir='ltr'>agente</span> <span class='ocrx_word' id='word_1_94' title='bbox 1929 734 2014 764; x_wconf 79' lang='lat' dir='ltr'>prout</span> <span class='ocrx_word' id='word_1_95' title='bbox 2035 734 2117 756; x_wconf 76' lang='lat' dir='ltr'>erant</span> 
     </span>
     <span class='ocr_line' id='line_1_12' title="bbox 645 775 2117 812; baseline 0.001 -10"><span class='ocrx_word' id='word_1_96' title='bbox 645 786 690 803; x_wconf 65' lang='lat' dir='ltr'>res</span> <span class='ocrx_word' id='word_1_97' title='bbox 717 782 872 811; x_wconf 78' lang='lat' dir='ltr'>antequam</span> <span class='ocrx_word' id='word_1_98' title='bbox 902 781 1078 808; x_wconf 68' lang='lat' dir='ltr'>crearentur,</span> <span class='ocrx_word' id='word_1_99' title='bbox 1108 792 1137 795; x_wconf 63' lang='lat'>-&lt;</span> <span class='ocrx_word' id='word_1_100' title='bbox 1166 776 1324 802; x_wconf 78' lang='lat' dir='ltr'>secundum</span> <span class='ocrx_word' id='word_1_101' title='bbox 1355 776 1478 811; x_wconf 84' lang='lat' dir='ltr'>primum</span> <span class='ocrx_word' id='word_1_102' title='bbox 1512 775 1628 802; x_wconf 74' lang='lat' dir='ltr'>modum</span> <span class='ocrx_word' id='word_1_103' title='bbox 1656 776 1772 802; x_wconf 59' lang='lat' dir='ltr'>essendi</span> <span class='ocrx_word' id='word_1_104' title='bbox 1803 776 1920 811; x_wconf 83' lang='lat' dir='ltr'>proprie</span> <span class='ocrx_word' id='word_1_105' title='bbox 1949 782 1977 803; x_wconf 84' lang='lat' dir='ltr'>et</span> <span class='ocrx_word' id='word_1_106' title='bbox 2009 777 2117 812; x_wconf 72' lang='lat' dir='ltr'>simpli-</span> 
     </span>
     <span class='ocr_line' id='line_1_13' title="bbox 645 823 2118 860; baseline 0.001 -10"><span class='ocrx_word' id='word_1_107' title='bbox 645 825 716 851; x_wconf 77' lang='lat' dir='ltr'>citer</span> <span class='ocrx_word' id='word_1_108' title='bbox 745 825 833 850; x_wconf 80' lang='lat' dir='ltr'>habet</span> <span class='ocrx_word' id='word_1_109' title='bbox 860 833 906 850; x_wconf 78' lang='lat' dir='ltr'>res</span> <span class='ocrx_word' id='word_1_110' title='bbox 932 833 997 850; x_wconf 83' lang='lat' dir='ltr'>esse</span> <span class='ocrx_word' id='word_1_111' title='bbox 1025 824 1170 850; x_wconf 71' lang='lat' dir='ltr'>essentiae</span> <span class='ocrx_word' id='word_1_112' title='bbox 1190 829 1219 850; x_wconf 83' lang='lat' dir='ltr'>et</span> <span class='ocrx_word' id='word_1_113' title='bbox 1248 833 1313 850; x_wconf 50' lang='lat' dir='ltr'>esee</span> <span class='ocrx_word' id='word_1_114' title='bbox 1340 823 1367 850; x_wconf 91' lang='lat' dir='ltr'>in</span> <span class='ocrx_word' id='word_1_115' title='bbox 1393 832 1510 857; x_wconf 67' lang='lat' dir='ltr'>genere,</span> <span class='ocrx_word' id='word_1_116' title='bbox 1534 824 1601 859; x_wconf 69' lang='lat' dir='ltr'>quia</span> <span class='ocrx_word' id='word_1_117' title='bbox 1629 825 1716 850; x_wconf 78' lang='lat' dir='ltr'>homo</span> <span class='ocrx_word' id='word_1_118' title='bbox 1741 825 1769 850; x_wconf 87' lang='lat' dir='ltr'>in</span> <span class='ocrx_word' id='word_1_119' title='bbox 1790 830 1856 850; x_wconf 91' lang='lat' dir='ltr'>actu</span> <span class='ocrx_word' id='word_1_120' title='bbox 1877 829 1920 850; x_wconf 53' lang='lat' dir='ltr'>eat</span> <span class='ocrx_word' id='word_1_121' title='bbox 1946 824 2118 860; x_wconf 82' lang='lat' dir='ltr'>simpliciter</span> 
     </span>
     <span class='ocr_line' id='line_1_14' title="bbox 645 871 2116 906; baseline 0 -8"><span class='ocrx_word' id='word_1_122' title='bbox 645 873 731 898; x_wconf 80' lang='lat' dir='ltr'>homo</span> <span class='ocrx_word' id='word_1_123' title='bbox 752 876 781 898; x_wconf 89' lang='lat' dir='ltr'>et</span> <span class='ocrx_word' id='word_1_124' title='bbox 807 872 978 906; x_wconf 75' lang='lat' dir='ltr'>simpliciter</span> <span class='ocrx_word' id='word_1_125' title='bbox 997 871 1167 898; x_wconf 75' lang='lat' dir='ltr'>substantia.</span> <span class='ocrx_word' id='word_1_126' title='bbox 1195 887 1227 891; x_wconf 87' lang='lat'>-—</span> <span class='ocrx_word' id='word_1_127' title='bbox 1253 871 1420 898; x_wconf 81' lang='lat' dir='ltr'>Secundum</span> <span class='ocrx_word' id='word_1_128' title='bbox 1447 876 1543 898; x_wconf 83' lang='lat' dir='ltr'>autem</span> <span class='ocrx_word' id='word_1_129' title='bbox 1565 872 1724 898; x_wconf 71' lang='lat' dir='ltr'>secundum</span> <span class='ocrx_word' id='word_1_130' title='bbox 1746 871 1863 898; x_wconf 81' lang='lat' dir='ltr'>modum</span> <span class='ocrx_word' id='word_1_131' title='bbox 1885 872 1974 898; x_wconf 83' lang='lat' dir='ltr'>habet</span> <span class='ocrx_word' id='word_1_132' title='bbox 1993 881 2059 898; x_wconf 80' lang='lat' dir='ltr'>esse</span> <span class='ocrx_word' id='word_1_133' title='bbox 2088 873 2116 899; x_wconf 87' lang='lat' dir='ltr'>in</span> 
     </span>
     <span class='ocr_line' id='line_1_15' title="bbox 645 919 2117 954; baseline 0 -8"><span class='ocrx_word' id='word_1_134' title='bbox 645 929 753 953; x_wconf 69' lang='lat' dir='ltr'>genere</span> <span class='ocrx_word' id='word_1_135' title='bbox 773 919 824 946; x_wconf 75' lang='lat' dir='ltr'>sed</span> <span class='ocrx_word' id='word_1_136' title='bbox 850 928 907 945; x_wconf 78' lang='lat' dir='ltr'>non</span> <span class='ocrx_word' id='word_1_137' title='bbox 929 919 1099 954; x_wconf 79' lang='lat' dir='ltr'>simpliciter</span> <span class='ocrx_word' id='word_1_138' title='bbox 1119 919 1193 945; x_wconf 65' lang='lat' dir='ltr'>sicut</span> <span class='ocrx_word' id='word_1_139' title='bbox 1218 919 1244 945; x_wconf 89' lang='lat' dir='ltr'>in</span> <span class='ocrx_word' id='word_1_140' title='bbox 1275 919 1368 954; x_wconf 86' lang='lat' dir='ltr'>primo</span> <span class='ocrx_word' id='word_1_141' title='bbox 1389 919 1487 951; x_wconf 71' lang='lat' dir='ltr'>inodo,</span> <span class='ocrx_word' id='word_1_142' title='bbox 1506 919 1558 945; x_wconf 66' lang='lat' dir='ltr'>sed</span> <span class='ocrx_word' id='word_1_143' title='bbox 1582 919 1669 945; x_wconf 83' lang='lat' dir='ltr'>debet</span> <span class='ocrx_word' id='word_1_144' title='bbox 1696 919 1754 946; x_wconf 75' lang='lat' dir='ltr'>dici</span> <span class='ocrx_word' id='word_1_145' title='bbox 1785 919 1863 954; x_wconf 83' lang='lat' dir='ltr'>quod</span> <span class='ocrx_word' id='word_1_146' title='bbox 1889 920 1978 946; x_wconf 72' lang='lat' dir='ltr'>habet</span> <span class='ocrx_word' id='word_1_147' title='bbox 2003 928 2068 946; x_wconf 81' lang='lat' dir='ltr'>esse</span> <span class='ocrx_word' id='word_1_148' title='bbox 2089 919 2117 946; x_wconf 88' lang='lat' dir='ltr'>in</span> 
     </span>
     <span class='ocr_line' id='line_1_16' title="bbox 645 967 2119 1002; baseline 0.001 -9"><span class='ocrx_word' id='word_1_149' title='bbox 645 976 752 1001; x_wconf 61' lang='lat' dir='ltr'>genere</span> <span class='ocrx_word' id='word_1_150' title='bbox 785 967 812 993; x_wconf 91' lang='lat' dir='ltr'>in</span> <span class='ocrx_word' id='word_1_151' title='bbox 842 967 973 1002; x_wconf 82' lang='lat' dir='ltr'>potentia</span> <span class='ocrx_word' id='word_1_152' title='bbox 1000 967 1066 1002; x_wconf 80' lang='lat' dir='ltr'>quin</span> <span class='ocrx_word' id='word_1_153' title='bbox 1097 967 1184 993; x_wconf 78' lang='lat' dir='ltr'>hoino</span> <span class='ocrx_word' id='word_1_154' title='bbox 1214 967 1241 993; x_wconf 90' lang='lat' dir='ltr'>in</span> <span class='ocrx_word' id='word_1_155' title='bbox 1268 967 1399 1001; x_wconf 76' lang='lat' dir='ltr'>potentia</span> <span class='ocrx_word' id='word_1_156' title='bbox 1425 976 1478 993; x_wconf 85' lang='lat' dir='ltr'>nec</span> <span class='ocrx_word' id='word_1_157' title='bbox 1495 968 1504 981; x_wconf 75' lang='lat'><strong>⁵</strong></span> <span class='ocrx_word' id='word_1_158' title='bbox 1531 967 1619 993; x_wconf 84' lang='lat' dir='ltr'>debet</span> <span class='ocrx_word' id='word_1_159' title='bbox 1643 967 1700 993; x_wconf 81' lang='lat' dir='ltr'>dici</span> <span class='ocrx_word' id='word_1_160' title='bbox 1730 968 1817 993; x_wconf 79' lang='lat' dir='ltr'>homo</span> <span class='ocrx_word' id='word_1_161' title='bbox 1843 967 2015 1002; x_wconf 74' lang='lat' dir='ltr'>simpliciter</span> <span class='ocrx_word' id='word_1_162' title='bbox 2040 969 2119 994; x_wconf 74' lang='lat' dir='ltr'>nec‘</span> 
     </span>
     <span class='ocr_line' id='line_1_17' title="bbox 645 1014 2117 1050; baseline 0.001 -10"><span class='ocrx_word' id='word_1_163' title='bbox 645 1015 806 1040; x_wconf 72' lang='lat' dir='ltr'>substantia</span> <span class='ocrx_word' id='word_1_164' title='bbox 838 1014 1009 1050; x_wconf 70' lang='lat' dir='ltr'>simpliciter</span> <span class='ocrx_word' id='word_1_165' title='bbox 1041 1014 1093 1040; x_wconf 81' lang='lat' dir='ltr'>sed</span> <span class='ocrx_word' id='word_1_166' title='bbox 1125 1023 1189 1040; x_wconf 84' lang='lat' dir='ltr'>cum</span> <span class='ocrx_word' id='word_1_167' title='bbox 1222 1014 1464 1040; x_wconf 71' lang='lat' dir='ltr'>determinatione</span> <span class='ocrx_word' id='word_1_168' title='bbox 1497 1014 1564 1048; x_wconf 80' lang='lat' dir='ltr'>quia</span> <span class='ocrx_word' id='word_1_169' title='bbox 1597 1014 1685 1040; x_wconf 79' lang='lat' dir='ltr'>debet</span> <span class='ocrx_word' id='word_1_170' title='bbox 1717 1014 1774 1040; x_wconf 88' lang='lat' dir='ltr'>dici</span> <span class='ocrx_word' id='word_1_171' title='bbox 1806 1015 1894 1041; x_wconf 86' lang='lat' dir='ltr'>homo</span> <span class='ocrx_word' id='word_1_172' title='bbox 1926 1014 1953 1040; x_wconf 88' lang='lat' dir='ltr'>in</span> <span class='ocrx_word' id='word_1_173' title='bbox 1986 1015 2117 1050; x_wconf 85' lang='lat' dir='ltr'>potentia</span> 
     </span>
     <span class='ocr_line' id='line_1_18' title="bbox 645 1061 2117 1098; baseline 0 -10"><span class='ocrx_word' id='word_1_174' title='bbox 645 1067 673 1088; x_wconf 86' lang='lat' dir='ltr'>et</span> <span class='ocrx_word' id='word_1_175' title='bbox 702 1062 864 1088; x_wconf 70' lang='lat' dir='ltr'>substantia</span> <span class='ocrx_word' id='word_1_176' title='bbox 890 1062 918 1088; x_wconf 89' lang='lat' dir='ltr'>in</span> <span class='ocrx_word' id='word_1_177' title='bbox 946 1062 1084 1097; x_wconf 81' lang='lat' dir='ltr'>potentia.</span> <span class='ocrx_word' id='word_1_178' title='bbox 1115 1062 1149 1088; x_wconf 79' lang='lat' dir='ltr'>Et</span> <span class='ocrx_word' id='word_1_179' title='bbox 1178 1061 1219 1088; x_wconf 70' lang='lat' dir='ltr'>sic</span> <span class='ocrx_word' id='word_1_180' title='bbox 1249 1066 1292 1088; x_wconf 65' lang='lat' dir='ltr'>est</span> <span class='ocrx_word' id='word_1_181' title='bbox 1323 1062 1349 1088; x_wconf 86' lang='lat' dir='ltr'>in</span> <span class='ocrx_word' id='word_1_182' title='bbox 1379 1070 1487 1095; x_wconf 63' lang='lat' dir='ltr'>genere</span> <span class='ocrx_word' id='word_1_183' title='bbox 1513 1061 1540 1088; x_wconf 89' lang='lat' dir='ltr'>in</span> <span class='ocrx_word' id='word_1_184' title='bbox 1570 1062 1701 1097; x_wconf 81' lang='lat' dir='ltr'>potentia</span> <span class='ocrx_word' id='word_1_185' title='bbox 1730 1062 1757 1088; x_wconf 88' lang='lat' dir='ltr'>in</span> <span class='ocrx_word' id='word_1_186' title='bbox 1787 1067 1925 1097; x_wconf 87' lang='lat' dir='ltr'>quantum</span> <span class='ocrx_word' id='word_1_187' title='bbox 1953 1063 2015 1088; x_wconf 82' lang='lat' dir='ltr'>eius</span> <span class='ocrx_word' id='word_1_188' title='bbox 2042 1062 2117 1098; x_wconf 89' lang='lat' dir='ltr'>prin-</span> 
     </span>
     <span class='ocr_line' id='line_1_19' title="bbox 645 1109 2117 1145; baseline 0.001 -10"><span class='ocrx_word' id='word_1_189' title='bbox 645 1109 721 1145; x_wconf 82' lang='lat' dir='ltr'>cipia</span> <span class='ocrx_word' id='word_1_190' title='bbox 761 1110 915 1136; x_wconf 65' lang='lat' dir='ltr'>existentia</span> <span class='ocrx_word' id='word_1_191' title='bbox 951 1110 977 1135; x_wconf 91' lang='lat' dir='ltr'>in</span> <span class='ocrx_word' id='word_1_192' title='bbox 1013 1119 1107 1136; x_wconf 82' lang='lat' dir='ltr'>rerum</span> <span class='ocrx_word' id='word_1_193' title='bbox 1138 1115 1238 1135; x_wconf 80' lang='lat' dir='ltr'>natura</span> <span class='ocrx_word' id='word_1_194' title='bbox 1271 1115 1336 1136; x_wconf 82' lang='lat' dir='ltr'>sunt</span> <span class='ocrx_word' id='word_1_195' title='bbox 1369 1109 1562 1136; x_wconf 67' lang='lat' dir='ltr'>determinata</span> <span class='ocrx_word' id='word_1_196' title='bbox 1600 1109 1636 1136; x_wconf 81' lang='lat' dir='ltr'>ad</span> <span class='ocrx_word' id='word_1_197' title='bbox 1673 1118 1765 1143; x_wconf 65' lang='lat' dir='ltr'>genus</span> <span class='ocrx_word' id='word_1_198' title='bbox 1805 1110 1987 1136; x_wconf 72' lang='lat' dir='ltr'>substantiae</span> <span class='ocrx_word' id='word_1_199' title='bbox 2029 1110 2117 1137; x_wconf 90' lang='lat' dir='ltr'>modo</span> 
     </span>
     <span class='ocr_line' id='line_1_20' title="bbox 645 1157 2117 1193; baseline 0 -9"><span class='ocrx_word' id='word_1_200' title='bbox 645 1167 702 1192; x_wconf 90' lang='lat' dir='ltr'>quo</span> <span class='ocrx_word' id='word_1_201' title='bbox 735 1157 877 1193; x_wconf 79' lang='lat' dir='ltr'>principia</span> <span class='ocrx_word' id='word_1_202' title='bbox 909 1158 949 1183; x_wconf 77' lang='lat' dir='ltr'>rei</span> <span class='ocrx_word' id='word_1_203' title='bbox 983 1158 1090 1183; x_wconf 76' lang='lat' dir='ltr'>liabent</span> <span class='ocrx_word' id='word_1_204' title='bbox 1122 1166 1196 1189; x_wconf 69' lang='lat' dir='ltr'>esse,</span> <span class='ocrx_word' id='word_1_205' title='bbox 1225 1157 1337 1184; x_wconf 81' lang='lat' dir='ltr'>scilicet</span> <span class='ocrx_word' id='word_1_206' title='bbox 1367 1166 1418 1192; x_wconf 84' lang='lat' dir='ltr'>per</span> <span class='ocrx_word' id='word_1_207' title='bbox 1450 1157 1650 1184; x_wconf 80' lang='lat' dir='ltr'>reductionem</span> <span class='ocrx_word' id='word_1_208' title='bbox 1679 1157 1706 1184; x_wconf 89' lang='lat' dir='ltr'>in</span> <span class='ocrx_word' id='word_1_209' title='bbox 1736 1158 1839 1184; x_wconf 78' lang='lat' dir='ltr'>eodem</span> <span class='ocrx_word' id='word_1_210' title='bbox 1866 1166 1975 1191; x_wconf 72' lang='lat' dir='ltr'>genere</span> <span class='ocrx_word' id='word_1_211' title='bbox 2001 1166 2066 1184; x_wconf 88' lang='lat' dir='ltr'>cum</span> <span class='ocrx_word' id='word_1_212' title='bbox 2087 1166 2117 1184; x_wconf 84' lang='lat' dir='ltr'>re</span> 
     </span>
     <span class='ocr_line' id='line_1_21' title="bbox 645 1204 2117 1240; baseline 0 -8"><span class='ocrx_word' id='word_1_213' title='bbox 645 1206 727 1232; x_wconf 85' lang='lat' dir='ltr'>cuius</span> <span class='ocrx_word' id='word_1_214' title='bbox 753 1210 818 1232; x_wconf 80' lang='lat' dir='ltr'>sunt</span> <span class='ocrx_word' id='word_1_215' title='bbox 839 1205 990 1240; x_wconf 77' lang='lat' dir='ltr'>principia.</span> <span class='ocrx_word' id='word_1_216' title='bbox 1022 1205 1055 1231; x_wconf 76' lang='lat' dir='ltr'>Et</span> <span class='ocrx_word' id='word_1_217' title='bbox 1086 1205 1159 1231; x_wconf 67' lang='lat' dir='ltr'>sort«-</span> <span class='ocrx_word' id='word_1_218' title='bbox 1189 1206 1243 1231; x_wconf 77' lang='lat' dir='ltr'>hnc</span> <span class='ocrx_word' id='word_1_219' title='bbox 1275 1205 1427 1231; x_wconf 82' lang='lat' dir='ltr'>intendunt</span> <span class='ocrx_word' id='word_1_220' title='bbox 1458 1205 1496 1231; x_wconf 89' lang='lat' dir='ltr'>illi</span> <span class='ocrx_word' id='word_1_221' title='bbox 1523 1204 1571 1239; x_wconf 85' lang='lat' dir='ltr'>qui</span> <span class='ocrx_word' id='word_1_222' title='bbox 1602 1210 1713 1240; x_wconf 84' lang='lat' dir='ltr'>ponunt</span> <span class='ocrx_word' id='word_1_223' title='bbox 1743 1205 1821 1240; x_wconf 83' lang='lat' dir='ltr'>quod</span> <span class='ocrx_word' id='word_1_224' title='bbox 1851 1214 1896 1231; x_wconf 76' lang='lat' dir='ltr'>res</span> <span class='ocrx_word' id='word_1_225' title='bbox 1916 1205 2034 1240; x_wconf 87' lang='lat' dir='ltr'>quando</span> <span class='ocrx_word' id='word_1_226' title='bbox 2059 1214 2117 1232; x_wconf 93' lang='lat' dir='ltr'>non</span> 
     </span>
     <span class='ocr_line' id='line_1_22' title="bbox 644 1252 2119 1288; baseline 0 -8"><span class='ocrx_word' id='word_1_227' title='bbox 644 1258 710 1280; x_wconf 81' lang='lat' dir='ltr'>sunt</span> <span class='ocrx_word' id='word_1_228' title='bbox 739 1254 766 1279; x_wconf 90' lang='lat' dir='ltr'>in</span> <span class='ocrx_word' id='word_1_229' title='bbox 794 1254 899 1280; x_wconf 77' lang='lat' dir='ltr'>actuali</span> <span class='ocrx_word' id='word_1_230' title='bbox 929 1253 1092 1283; x_wconf 72' lang='lat' dir='ltr'>existentia,</span> <span class='ocrx_word' id='word_1_231' title='bbox 1118 1258 1184 1279; x_wconf 77' lang='lat' dir='ltr'>sunt</span> <span class='ocrx_word' id='word_1_232' title='bbox 1217 1258 1313 1279; x_wconf 65' lang='lat' dir='ltr'>taum-n</span> <span class='ocrx_word' id='word_1_233' title='bbox 1330 1254 1338 1268; x_wconf 77' lang='lat'>⁷</span> <span class='ocrx_word' id='word_1_234' title='bbox 1370 1258 1508 1288; x_wconf 66' lang='lat' dir='ltr'>quantum</span> <span class='ocrx_word' id='word_1_235' title='bbox 1541 1253 1577 1279; x_wconf 82' lang='lat' dir='ltr'>ad</span> <span class='ocrx_word' id='word_1_236' title='bbox 1601 1262 1666 1279; x_wconf 75' lang='lat' dir='ltr'>esse</span> <span class='ocrx_word' id='word_1_237' title='bbox 1693 1253 1916 1288; x_wconf 78' lang='lat' dir='ltr'>quidditativum</span> <span class='ocrx_word' id='word_1_238' title='bbox 1947 1258 1975 1279; x_wconf 85' lang='lat' dir='ltr'>et</span> <span class='ocrx_word' id='word_1_239' title='bbox 2004 1252 2119 1288; x_wconf 83' lang='lat' dir='ltr'>praedi-</span> 
     </span>
     <span class='ocr_line' id='line_1_23' title="bbox 645 1300 2119 1336; baseline 0 -9"><span class='ocrx_word' id='word_1_240' title='bbox 645 1301 808 1328; x_wconf 79' lang='lat' dir='ltr'>camentale</span> <span class='ocrx_word' id='word_1_241' title='bbox 841 1301 907 1335; x_wconf 79' lang='lat' dir='ltr'>quia</span> <span class='ocrx_word' id='word_1_242' title='bbox 940 1306 1005 1327; x_wconf 74' lang='lat' dir='ltr'>sunt</span> <span class='ocrx_word' id='word_1_243' title='bbox 1037 1301 1150 1327; x_wconf 72' lang='lat' dir='ltr'>scilieet</span> <span class='ocrx_word' id='word_1_244' title='bbox 1171 1303 1181 1313; x_wconf 79' lang='lat'>&#39;⁴</span> <span class='ocrx_word' id='word_1_245' title='bbox 1212 1310 1269 1327; x_wconf 77' lang='lat' dir='ltr'>non</span> <span class='ocrx_word' id='word_1_246' title='bbox 1303 1300 1474 1335; x_wconf 57' lang='lat' dir='ltr'>sitnl‘nliciter</span> <span class='ocrx_word' id='word_1_247' title='bbox 1505 1301 1557 1327; x_wconf 72' lang='lat' dir='ltr'>sed</span> <span class='ocrx_word' id='word_1_248' title='bbox 1590 1302 1617 1327; x_wconf 88' lang='lat' dir='ltr'>in</span> <span class='ocrx_word' id='word_1_249' title='bbox 1653 1301 1784 1336; x_wconf 81' lang='lat' dir='ltr'>potentia</span> <span class='ocrx_word' id='word_1_250' title='bbox 1815 1301 1843 1327; x_wconf 91' lang='lat' dir='ltr'>in</span> <span class='ocrx_word' id='word_1_251' title='bbox 1875 1301 1936 1327; x_wconf 79' lang='lat' dir='ltr'>suis</span> <span class='ocrx_word' id='word_1_252' title='bbox 1967 1301 2119 1336; x_wconf 85' lang='lat' dir='ltr'>principiis</span> 
     </span>
     <span class='ocr_line' id='line_1_24' title="bbox 645 1348 2117 1384; baseline 0.001 -10"><span class='ocrx_word' id='word_1_253' title='bbox 645 1349 793 1384; x_wconf 71' lang='lat' dir='ltr'>proximis,</span> <span class='ocrx_word' id='word_1_254' title='bbox 820 1349 853 1375; x_wconf 76' lang='lat' dir='ltr'>Et</span> <span class='ocrx_word' id='word_1_255' title='bbox 882 1349 923 1375; x_wconf 78' lang='lat' dir='ltr'>sic</span> <span class='ocrx_word' id='word_1_256' title='bbox 950 1349 1036 1375; x_wconf 67' lang='lat' dir='ltr'>etiaim</span> <span class='ocrx_word' id='word_1_257' title='bbox 1058 1353 1102 1375; x_wconf 73' lang='lat' dir='ltr'>est</span> <span class='ocrx_word' id='word_1_258' title='bbox 1128 1348 1163 1374; x_wconf 88' lang='lat' dir='ltr'>de</span> <span class='ocrx_word' id='word_1_259' title='bbox 1190 1348 1232 1374; x_wconf 79' lang='lat' dir='ltr'>eis</span> <span class='ocrx_word' id='word_1_260' title='bbox 1258 1348 1380 1374; x_wconf 66' lang='lat' dir='ltr'>scientia</span> <span class='ocrx_word' id='word_1_261' title='bbox 1408 1358 1484 1380; x_wconf 75' lang='lat' dir='ltr'>veru,</span> <span class='ocrx_word' id='word_1_262' title='bbox 1511 1348 1577 1384; x_wconf 70' lang='lat' dir='ltr'>quia</span> <span class='ocrx_word' id='word_1_263' title='bbox 1598 1349 1673 1375; x_wconf 81' lang='lat' dir='ltr'>sicut</span> <span class='ocrx_word' id='word_1_264' title='bbox 1699 1348 1877 1384; x_wconf 79' lang='lat' dir='ltr'>quandoque</span> <span class='ocrx_word' id='word_1_265' title='bbox 1902 1354 1969 1374; x_wconf 84' lang='lat' dir='ltr'>sunt</span> <span class='ocrx_word' id='word_1_266' title='bbox 1990 1349 2018 1375; x_wconf 87' lang='lat' dir='ltr'>in</span> <span class='ocrx_word' id='word_1_267' title='bbox 2050 1353 2117 1375; x_wconf 84' lang='lat' dir='ltr'>actu</span> 
     </span>
     <span class='ocr_line' id='line_1_25' title="bbox 644 1395 2118 1432; baseline 0.001 -11"><span class='ocrx_word' id='word_1_268' title='bbox 644 1397 781 1432; x_wconf 77' lang='lat' dir='ltr'>propriae</span> <span class='ocrx_word' id='word_1_269' title='bbox 807 1402 927 1423; x_wconf 75' lang='lat' dir='ltr'>naturae</span> <span class='ocrx_word' id='word_1_270' title='bbox 953 1396 1130 1431; x_wconf 77' lang='lat' dir='ltr'>quandoque</span> <span class='ocrx_word' id='word_1_271' title='bbox 1157 1397 1183 1422; x_wconf 86' lang='lat' dir='ltr'>in</span> <span class='ocrx_word' id='word_1_272' title='bbox 1210 1396 1269 1422; x_wconf 70' lang='lat' dir='ltr'>suis</span> <span class='ocrx_word' id='word_1_273' title='bbox 1293 1395 1452 1431; x_wconf 74' lang='lat' dir='ltr'>primipiiS‚</span> <span class='ocrx_word' id='word_1_274' title='bbox 1475 1396 1514 1422; x_wconf 78' lang='lat' dir='ltr'>ita</span> <span class='ocrx_word' id='word_1_275' title='bbox 1538 1401 1635 1431; x_wconf 76' lang='lat' dir='ltr'>potest</span> <span class='ocrx_word' id='word_1_276' title='bbox 1656 1397 1755 1422; x_wconf 83' lang='lat' dir='ltr'>haberi</span> <span class='ocrx_word' id='word_1_277' title='bbox 1776 1395 1898 1423; x_wconf 78' lang='lat' dir='ltr'>scientia</span> <span class='ocrx_word' id='word_1_278' title='bbox 1919 1396 1956 1422; x_wconf 87' lang='lat' dir='ltr'>de</span> <span class='ocrx_word' id='word_1_279' title='bbox 1975 1396 2018 1422; x_wconf 83' lang='lat' dir='ltr'>eis</span> <span class='ocrx_word' id='word_1_280' title='bbox 2038 1396 2065 1422; x_wconf 90' lang='lat' dir='ltr'>in</span> <span class='ocrx_word' id='word_1_281' title='bbox 2086 1405 2118 1422; x_wconf 86' lang='lat' dir='ltr'>se</span> 
     </span>
     <span class='ocr_line' id='line_1_26' title="bbox 644 1443 2116 1479; baseline 0 -9"><span class='ocrx_word' id='word_1_282' title='bbox 644 1445 722 1470; x_wconf 74' lang='lat' dir='ltr'>vel⁰</span> <span class='ocrx_word' id='word_1_283' title='bbox 758 1445 785 1470; x_wconf 88' lang='lat' dir='ltr'>in</span> <span class='ocrx_word' id='word_1_284' title='bbox 824 1445 884 1470; x_wconf 67' lang='lat' dir='ltr'>suis</span> <span class='ocrx_word' id='word_1_285' title='bbox 922 1444 1079 1479; x_wconf 68' lang='lat' dir='ltr'>principiis.</span> <span class='ocrx_word' id='word_1_286' title='bbox 1119 1444 1183 1470; x_wconf 71' lang='lat' dir='ltr'>Non</span> <span class='ocrx_word' id='word_1_287' title='bbox 1222 1443 1263 1470; x_wconf 71' lang='lat' dir='ltr'>sic</span> <span class='ocrx_word' id='word_1_288' title='bbox 1302 1444 1401 1470; x_wconf 69' lang='lat' dir='ltr'>haberi</span> <span class='ocrx_word' id='word_1_289' title='bbox 1441 1449 1538 1479; x_wconf 75' lang='lat' dir='ltr'>potest</span> <span class='ocrx_word' id='word_1_290' title='bbox 1563 1447 1581 1459; x_wconf 77' lang='lat'>&#39;¹&#39;</span> <span class='ocrx_word' id='word_1_291' title='bbox 1618 1444 1741 1470; x_wconf 79' lang='lat' dir='ltr'>scientia</span> <span class='ocrx_word' id='word_1_292' title='bbox 1773 1444 1810 1470; x_wconf 88' lang='lat' dir='ltr'>de</span> <span class='ocrx_word' id='word_1_293' title='bbox 1842 1444 1989 1470; x_wconf 83' lang='lat' dir='ltr'>chimaera</span> <span class='ocrx_word' id='word_1_294' title='bbox 2027 1444 2072 1470; x_wconf 84' lang='lat' dir='ltr'>vel</span> <span class='ocrx_word' id='word_1_295' title='bbox 2098 1445 2116 1459; x_wconf 88' lang='lat'>¹¹</span> 
     </span>
     <span class='ocr_line' id='line_1_27' title="bbox 645 1491 2118 1527; baseline 0 -9"><span class='ocrx_word' id='word_1_296' title='bbox 645 1492 816 1518; x_wconf 72' lang='lat' dir='ltr'>liircocervo</span> <span class='ocrx_word' id='word_1_297' title='bbox 837 1492 903 1527; x_wconf 74' lang='lat' dir='ltr'>quia</span> <span class='ocrx_word' id='word_1_298' title='bbox 924 1492 1030 1518; x_wconf 66' lang='lat' dir='ltr'>nullam</span> <span class='ocrx_word' id='word_1_299' title='bbox 1052 1491 1212 1518; x_wconf 59' lang='lat' dir='ltr'>realitate-m</span> <span class='ocrx_word' id='word_1_300' title='bbox 1235 1492 1342 1517; x_wconf 71' lang='lat' dir='ltr'>liabent</span> <span class='ocrx_word' id='word_1_301' title='bbox 1363 1496 1430 1518; x_wconf 77' lang='lat' dir='ltr'>actu</span> <span class='ocrx_word' id='word_1_302' title='bbox 1451 1492 1496 1518; x_wconf 78' lang='lat' dir='ltr'>vel</span> <span class='ocrx_word' id='word_1_303' title='bbox 1517 1492 1690 1527; x_wconf 66' lang='lat' dir='ltr'>potenti-1¹²„</span> <span class='ocrx_word' id='word_1_304' title='bbox 1710 1491 1762 1518; x_wconf 76' lang='lat' dir='ltr'>sed</span> <span class='ocrx_word' id='word_1_305' title='bbox 1783 1492 1876 1517; x_wconf 86' lang='lat' dir='ltr'>solum</span> <span class='ocrx_word' id='word_1_306' title='bbox 1892 1496 1958 1518; x_wconf 75' lang='lat' dir='ltr'>sunt</span> <span class='ocrx_word' id='word_1_307' title='bbox 1979 1492 2118 1525; x_wconf 74' lang='lat' dir='ltr'>figmenta</span> 
     </span>
     <span class='ocr_line' id='line_1_28' title="bbox 645 1539 2117 1573; baseline 0 -8"><span class='ocrx_word' id='word_1_308' title='bbox 645 1540 782 1566; x_wconf 77' lang='lat' dir='ltr'>habentia</span> <span class='ocrx_word' id='word_1_309' title='bbox 796 1544 906 1566; x_wconf 80' lang='lat' dir='ltr'>tantum</span> <span class='ocrx_word' id='word_1_310' title='bbox 925 1541 944 1555; x_wconf 80' lang='lat'>¹³</span> <span class='ocrx_word' id='word_1_311' title='bbox 957 1548 1022 1566; x_wconf 78' lang='lat' dir='ltr'>esse</span> <span class='ocrx_word' id='word_1_312' title='bbox 1037 1539 1197 1565; x_wconf 49' lang='lat' dir='ltr'>set-curidum</span> <span class='ocrx_word' id='word_1_313' title='bbox 1213 1544 1388 1573; x_wconf 78' lang='lat' dir='ltr'>conceptum</span> <span class='ocrx_word' id='word_1_314' title='bbox 1404 1539 1568 1566; x_wconf 71' lang='lat' dir='ltr'>intellectus</span> <span class='ocrx_word' id='word_1_315' title='bbox 1584 1539 1720 1572; x_wconf 58' lang='lat' dir='ltr'>lingentis</span> <span class='ocrx_word' id='word_1_316' title='bbox 1734 1548 1776 1565; x_wconf 85' lang='lat' dir='ltr'>ea.</span> <span class='ocrx_word' id='word_1_317' title='bbox 1790 1555 1823 1559; x_wconf 98' lang='lat'><strong>—</strong></span> <span class='ocrx_word' id='word_1_318' title='bbox 1836 1539 2004 1566; x_wconf 80' lang='lat' dir='ltr'>Secundum</span> <span class='ocrx_word' id='word_1_319' title='bbox 2021 1544 2117 1565; x_wconf 82' lang='lat' dir='ltr'>autern</span> 
     </span>
     <span class='ocr_line' id='line_1_29' title="bbox 644 1587 2119 1622; baseline -0.001 -8"><span class='ocrx_word' id='word_1_320' title='bbox 644 1588 760 1614; x_wconf 81' lang='lat' dir='ltr'>tertium</span> <span class='ocrx_word' id='word_1_321' title='bbox 787 1587 903 1614; x_wconf 81' lang='lat' dir='ltr'>modum</span> <span class='ocrx_word' id='word_1_322' title='bbox 925 1587 1040 1613; x_wconf 74' lang='lat' dir='ltr'>essendi</span> <span class='ocrx_word' id='word_1_323' title='bbox 1062 1592 1147 1622; x_wconf 75' lang='lat' dir='ltr'>prout</span> <span class='ocrx_word' id='word_1_324' title='bbox 1165 1589 1182 1602; x_wconf 82' lang='lat'>¹⁸</span> <span class='ocrx_word' id='word_1_325' title='bbox 1204 1596 1250 1613; x_wconf 68' lang='lat' dir='ltr'>res</span> <span class='ocrx_word' id='word_1_326' title='bbox 1272 1592 1337 1613; x_wconf 74' lang='lat' dir='ltr'>sunt</span> <span class='ocrx_word' id='word_1_327' title='bbox 1359 1587 1520 1613; x_wconf 69' lang='lat' dir='ltr'>virtualiter</span> <span class='ocrx_word' id='word_1_328' title='bbox 1540 1587 1567 1613; x_wconf 90' lang='lat' dir='ltr'>in</span> <span class='ocrx_word' id='word_1_329' title='bbox 1588 1587 1650 1613; x_wconf 77' lang='lat' dir='ltr'>sola</span> <span class='ocrx_word' id='word_1_330' title='bbox 1672 1587 1778 1613; x_wconf 74' lang='lat' dir='ltr'>virtute</span> <span class='ocrx_word' id='word_1_331' title='bbox 1797 1587 1904 1619; x_wconf 79' lang='lat' dir='ltr'>divina,</span> <span class='ocrx_word' id='word_1_332' title='bbox 1924 1587 1966 1613; x_wconf 85' lang='lat' dir='ltr'>sic</span> <span class='ocrx_word' id='word_1_333' title='bbox 1987 1587 2082 1613; x_wconf 85' lang='lat' dir='ltr'>adhuc</span> <span class='ocrx_word' id='word_1_334' title='bbox 2098 1588 2119 1603; x_wconf 52' lang='grc' dir='ltr'>’ὅ</span> 
     </span>
     <span class='ocr_line' id='line_1_30' title="bbox 645 1634 2117 1670; baseline 0 -9"><span class='ocrx_word' id='word_1_335' title='bbox 645 1635 740 1661; x_wconf 78' lang='lat' dir='ltr'>minus</span> <span class='ocrx_word' id='word_1_336' title='bbox 759 1635 877 1670; x_wconf 79' lang='lat' dir='ltr'>proprie</span> <span class='ocrx_word' id='word_1_337' title='bbox 898 1640 962 1661; x_wconf 86' lang='lat' dir='ltr'>sunt</span> <span class='ocrx_word' id='word_1_338' title='bbox 987 1635 1013 1661; x_wconf 88' lang='lat' dir='ltr'>in</span> <span class='ocrx_word' id='word_1_339' title='bbox 1035 1644 1143 1668; x_wconf 64' lang='lat' dir='ltr'>genere</span> <span class='ocrx_word' id='word_1_340' title='bbox 1158 1634 1225 1669; x_wconf 68' lang='lat' dir='ltr'>quia</span> <span class='ocrx_word' id='word_1_341' title='bbox 1249 1635 1422 1670; x_wconf 82' lang='lat' dir='ltr'>principium</span> <span class='ocrx_word' id='word_1_342' title='bbox 1443 1635 1566 1670; x_wconf 87' lang='lat' dir='ltr'>primum</span> <span class='ocrx_word' id='word_1_343' title='bbox 1587 1635 1614 1661; x_wconf 91' lang='lat' dir='ltr'>in</span> <span class='ocrx_word' id='word_1_344' title='bbox 1635 1635 1717 1661; x_wconf 80' lang='lat' dir='ltr'>cuius</span> <span class='ocrx_word' id='word_1_345' title='bbox 1738 1636 1800 1661; x_wconf 83' lang='lat' dir='ltr'>sola</span> <span class='ocrx_word' id='word_1_346' title='bbox 1822 1635 1926 1661; x_wconf 79' lang='lat' dir='ltr'>virtute</span> <span class='ocrx_word' id='word_1_347' title='bbox 1947 1635 1989 1661; x_wconf 85' lang='lat' dir='ltr'>sic</span> <span class='ocrx_word' id='word_1_348' title='bbox 2009 1635 2117 1662; x_wconf 83' lang='lat' dir='ltr'>habent</span> 
     </span>
     <span class='ocr_line' id='line_1_31' title="bbox 644 1682 2118 1717; baseline 0 -8"><span class='ocrx_word' id='word_1_349' title='bbox 644 1692 691 1709; x_wconf 79' lang='lat' dir='ltr'>res</span> <span class='ocrx_word' id='word_1_350' title='bbox 711 1692 785 1715; x_wconf 76' lang='lat' dir='ltr'>esse,</span> <span class='ocrx_word' id='word_1_351' title='bbox 805 1692 862 1709; x_wconf 76' lang='lat' dir='ltr'>non</span> <span class='ocrx_word' id='word_1_352' title='bbox 889 1689 932 1709; x_wconf 75' lang='lat' dir='ltr'>est</span> <span class='ocrx_word' id='word_1_353' title='bbox 959 1683 986 1709; x_wconf 94' lang='lat' dir='ltr'>in</span> <span class='ocrx_word' id='word_1_354' title='bbox 1005 1683 1104 1717; x_wconf 79' lang='lat' dir='ltr'>aliquo</span> <span class='ocrx_word' id='word_1_355' title='bbox 1130 1691 1238 1717; x_wconf 73' lang='lat' dir='ltr'>genere</span> <span class='ocrx_word' id='word_1_356' title='bbox 1257 1682 1310 1708; x_wconf 56' lang='lat' dir='ltr'>scal</span> <span class='ocrx_word' id='word_1_357' title='bbox 1331 1687 1375 1709; x_wconf 78' lang='lat' dir='ltr'>est</span> <span class='ocrx_word' id='word_1_358' title='bbox 1395 1688 1475 1709; x_wconf 74' lang='lat' dir='ltr'>extra</span> <span class='ocrx_word' id='word_1_359' title='bbox 1496 1692 1582 1709; x_wconf 86' lang='lat' dir='ltr'>omne</span> <span class='ocrx_word' id='word_1_360' title='bbox 1607 1691 1709 1716; x_wconf 61' lang='lat' dir='ltr'>genus.</span> <span class='ocrx_word' id='word_1_361' title='bbox 1737 1683 1848 1709; x_wconf 85' lang='lat' dir='ltr'>Tamen</span> <span class='ocrx_word' id='word_1_362' title='bbox 1874 1682 2034 1709; x_wconf 84' lang='lat' dir='ltr'>secundum</span> <span class='ocrx_word' id='word_1_363' title='bbox 2061 1683 2118 1709; x_wconf 80' lang='lat' dir='ltr'>tale</span> 
     </span>
     <span class='ocr_line' id='line_1_32' title="bbox 644 1730 2117 1766; baseline 0 -10"><span class='ocrx_word' id='word_1_364' title='bbox 644 1740 709 1757; x_wconf 73' lang='lat' dir='ltr'>esse</span> <span class='ocrx_word' id='word_1_365' title='bbox 730 1731 838 1757; x_wconf 77' lang='lat' dir='ltr'>habent</span> <span class='ocrx_word' id='word_1_366' title='bbox 864 1731 961 1766; x_wconf 78' lang='lat' dir='ltr'>aliquo</span> <span class='ocrx_word' id='word_1_367' title='bbox 984 1731 1072 1757; x_wconf 66' lang='lat' dir='ltr'>modo</span> <span class='ocrx_word' id='word_1_368' title='bbox 1098 1740 1163 1757; x_wconf 75' lang='lat' dir='ltr'>esse</span> <span class='ocrx_word' id='word_1_369' title='bbox 1190 1731 1217 1757; x_wconf 86' lang='lat' dir='ltr'>in</span> <span class='ocrx_word' id='word_1_370' title='bbox 1245 1730 1488 1765; x_wconf 48' lang='lat' dir='ltr'>genera-,scilicet</span> <span class='ocrx_word' id='word_1_371' title='bbox 1514 1731 1674 1757; x_wconf 82' lang='lat' dir='ltr'>secundum</span> <span class='ocrx_word' id='word_1_372' title='bbox 1701 1730 1847 1765; x_wconf 85' lang='lat' dir='ltr'>quandam</span> <span class='ocrx_word' id='word_1_373' title='bbox 1874 1730 2075 1765; x_wconf 75' lang='lat' dir='ltr'>aptitudinem.</span> <span class='ocrx_word' id='word_1_374' title='bbox 2090 1730 2117 1757; x_wconf 91' lang='lat' dir='ltr'>in</span> 
     </span>
     <span class='ocr_line' id='line_1_33' title="bbox 645 1778 2118 1814; baseline 0 -10"><span class='ocrx_word' id='word_1_375' title='bbox 645 1783 783 1813; x_wconf 80' lang='lat' dir='ltr'>quantum</span> <span class='ocrx_word' id='word_1_376' title='bbox 804 1779 916 1806; x_wconf 60' lang='lat' dir='ltr'>&gt;cilicet</span> <span class='ocrx_word' id='word_1_377' title='bbox 937 1788 993 1805; x_wconf 87' lang='lat' dir='ltr'>non</span> <span class='ocrx_word' id='word_1_378' title='bbox 1015 1780 1122 1806; x_wconf 70' lang='lat' dir='ltr'>habent</span> <span class='ocrx_word' id='word_1_379' title='bbox 1138 1779 1360 1814; x_wconf 66' lang='lat' dir='ltr'>repugnantiam</span> <span class='ocrx_word' id='word_1_380' title='bbox 1381 1778 1418 1804; x_wconf 81' lang='lat' dir='ltr'>ad</span> <span class='ocrx_word' id='word_1_381' title='bbox 1432 1778 1583 1805; x_wconf 74' lang='lat' dir='ltr'>entitatem</span> <span class='ocrx_word' id='word_1_382' title='bbox 1598 1779 1714 1813; x_wconf 74' lang='lat' dir='ltr'>generis</span> <span class='ocrx_word' id='word_1_383' title='bbox 1733 1778 1786 1804; x_wconf 86' lang='lat' dir='ltr'>sed</span> <span class='ocrx_word' id='word_1_384' title='bbox 1800 1783 1867 1804; x_wconf 79' lang='lat' dir='ltr'>sunt</span> <span class='ocrx_word' id='word_1_385' title='bbox 1880 1783 1948 1804; x_wconf 79' lang='lat' dir='ltr'>nata</span> <span class='ocrx_word' id='word_1_386' title='bbox 1968 1778 2118 1805; x_wconf 77' lang='lat' dir='ltr'>voluntate</span> 
     </span>
     <span class='ocr_line' id='line_1_34' title="bbox 645 1825 2118 1861; baseline 0 -9"><span class='ocrx_word' id='word_1_387' title='bbox 645 1826 742 1852; x_wconf 79' lang='lat' dir='ltr'>divina</span> <span class='ocrx_word' id='word_1_388' title='bbox 775 1827 951 1861; x_wconf 78' lang='lat' dir='ltr'>participare</span> <span class='ocrx_word' id='word_1_389' title='bbox 980 1831 1112 1853; x_wconf 80' lang='lat' dir='ltr'>naturam</span> <span class='ocrx_word' id='word_1_390' title='bbox 1139 1827 1260 1853; x_wconf 75' lang='lat' dir='ltr'>alicuius</span> <span class='ocrx_word' id='word_1_391' title='bbox 1280 1827 1405 1860; x_wconf 70' lang='lat' dir='ltr'>generis.</span> <span class='ocrx_word' id='word_1_392' title='bbox 1437 1831 1507 1861; x_wconf 80' lang='lat' dir='ltr'>puta</span> <span class='ocrx_word' id='word_1_393' title='bbox 1539 1826 1721 1852; x_wconf 59' lang='lat' dir='ltr'>substantiae</span> <span class='ocrx_word' id='word_1_394' title='bbox 1753 1826 1798 1852; x_wconf 79' lang='lat' dir='ltr'>vel</span> <span class='ocrx_word' id='word_1_395' title='bbox 1829 1825 1999 1860; x_wconf 84' lang='lat' dir='ltr'>quantitatis</span> <span class='ocrx_word' id='word_1_396' title='bbox 2027 1826 2118 1852; x_wconf 88' lang='lat' dir='ltr'>etsie</span> 
     </span>
     <span class='ocr_line' id='line_1_35' title="bbox 645 1873 2118 1909; baseline -0.001 -9"><span class='ocrx_word' id='word_1_397' title='bbox 645 1874 681 1900; x_wconf 78' lang='lat' dir='ltr'>de</span> <span class='ocrx_word' id='word_1_398' title='bbox 702 1874 774 1900; x_wconf 77' lang='lat' dir='ltr'>aliis.</span> <span class='ocrx_word' id='word_1_399' title='bbox 795 1875 879 1901; x_wconf 84' lang='lat' dir='ltr'>Unde</span> <span class='ocrx_word' id='word_1_400' title='bbox 901 1883 1004 1901; x_wconf 79' lang='lat' dir='ltr'>cervus</span> <span class='ocrx_word' id='word_1_401' title='bbox 1024 1875 1118 1909; x_wconf 64' lang='lat' dir='ltr'>magis.</span> <span class='ocrx_word' id='word_1_402' title='bbox 1139 1875 1191 1901; x_wconf 82' lang='lat' dir='ltr'>t&#39;uit</span> <span class='ocrx_word' id='word_1_403' title='bbox 1212 1875 1248 1900; x_wconf 75' lang='lat' dir='ltr'>ab</span> <span class='ocrx_word' id='word_1_404' title='bbox 1269 1879 1388 1900; x_wconf 79' lang='lat' dir='ltr'>aeterno</span> <span class='ocrx_word' id='word_1_405' title='bbox 1409 1874 1436 1900; x_wconf 92' lang='lat' dir='ltr'>in</span> <span class='ocrx_word' id='word_1_406' title='bbox 1459 1883 1568 1907; x_wconf 63' lang='lat' dir='ltr'>genere</span> <span class='ocrx_word' id='word_1_407' title='bbox 1592 1882 1678 1908; x_wconf 82' lang='lat' dir='ltr'>quain</span> <span class='ocrx_word' id='word_1_408' title='bbox 1702 1873 1848 1899; x_wconf 84' lang='lat' dir='ltr'>chimaera</span> <span class='ocrx_word' id='word_1_409' title='bbox 1869 1874 1915 1900; x_wconf 75' lang='lat' dir='ltr'>vel</span> <span class='ocrx_word' id='word_1_410' title='bbox 1930 1874 2118 1900; x_wconf 81' lang='lat' dir='ltr'>hircocervus</span> 
     </span>
     <span class='ocr_line' id='line_1_36' title="bbox 645 1921 2116 1957; baseline -0.001 -9"><span class='ocrx_word' id='word_1_411' title='bbox 645 1922 712 1957; x_wconf 79' lang='lat' dir='ltr'>quia</span> <span class='ocrx_word' id='word_1_412' title='bbox 743 1923 931 1949; x_wconf 68' lang='lat' dir='ltr'>hircocervus</span> <span class='ocrx_word' id='word_1_413' title='bbox 962 1932 1019 1949; x_wconf 87' lang='lat' dir='ltr'>non</span> <span class='ocrx_word' id='word_1_414' title='bbox 1051 1923 1151 1949; x_wconf 85' lang='lat' dir='ltr'>habuit</span> <span class='ocrx_word' id='word_1_415' title='bbox 1184 1931 1237 1949; x_wconf 83' lang='lat' dir='ltr'>nec</span> <span class='ocrx_word' id='word_1_416' title='bbox 1270 1923 1378 1948; x_wconf 83' lang='lat' dir='ltr'>habere</span> <span class='ocrx_word' id='word_1_417' title='bbox 1411 1921 1505 1956; x_wconf 88' lang='lat' dir='ltr'>potuit</span> <span class='ocrx_word' id='word_1_418' title='bbox 1537 1921 1663 1956; x_wconf 76' lang='lat' dir='ltr'>aliquam</span> <span class='ocrx_word' id='word_1_419' title='bbox 1696 1921 1889 1956; x_wconf 88' lang='lat' dir='ltr'>aptitudinem</span> <span class='ocrx_word' id='word_1_420' title='bbox 1922 1921 2116 1956; x_wconf 88' lang='lat' dir='ltr'>participandi</span> 
     </span>
     <span class='ocr_line' id='line_1_37' title="bbox 644 1968 2118 2007; baseline -0.001 -10"><span class='ocrx_word' id='word_1_421' title='bbox 644 1979 827 2007; x_wconf 77' lang='lat' dir='ltr'>quacumque</span> <span class='ocrx_word' id='word_1_422' title='bbox 848 1971 953 1997; x_wconf 76' lang='lat' dir='ltr'>virtute</span> <span class='ocrx_word' id='word_1_423' title='bbox 973 1975 1104 1997; x_wconf 80' lang='lat' dir='ltr'>naturam</span> <span class='ocrx_word' id='word_1_424' title='bbox 1132 1971 1254 1996; x_wconf 72' lang='lat' dir='ltr'>alicuius</span> <span class='ocrx_word' id='word_1_425' title='bbox 1274 1970 1399 2003; x_wconf 72' lang='lat' dir='ltr'>generis,</span> <span class='ocrx_word' id='word_1_426' title='bbox 1419 1970 1495 1996; x_wconf 85' lang='lat' dir='ltr'>sicut</span> <span class='ocrx_word' id='word_1_427' title='bbox 1516 1978 1620 1995; x_wconf 80' lang='lat' dir='ltr'>cervus</span> <span class='ocrx_word' id='word_1_428' title='bbox 1640 1969 1748 2000; x_wconf 72' lang='lat' dir='ltr'>habuit,</span> <span class='ocrx_word' id='word_1_429' title='bbox 1769 1969 1815 1995; x_wconf 90' lang='lat' dir='ltr'>cui</span> <span class='ocrx_word' id='word_1_430' title='bbox 1845 1968 1912 1995; x_wconf 86' lang='lat' dir='ltr'>talis</span> <span class='ocrx_word' id='word_1_431' title='bbox 1931 1969 2118 2004; x_wconf 80' lang='lat' dir='ltr'>participatio</span> 
     </span>
     <span class='ocr_line' id='line_1_38' title="bbox 643 2018 1319 2054; baseline -0.003 -9"><span class='ocrx_word' id='word_1_432' title='bbox 643 2028 700 2045; x_wconf 86' lang='lat' dir='ltr'>non</span> <span class='ocrx_word' id='word_1_433' title='bbox 720 2024 865 2054; x_wconf 76' lang='lat' dir='ltr'>repugnat</span> <span class='ocrx_word' id='word_1_434' title='bbox 884 2019 959 2045; x_wconf 74' lang='lat' dir='ltr'>sicut</span> <span class='ocrx_word' id='word_1_435' title='bbox 978 2022 1121 2053; x_wconf 81' lang='lat' dir='ltr'>repugnat</span> <span class='ocrx_word' id='word_1_436' title='bbox 1139 2018 1319 2044; x_wconf 79' lang='lat' dir='ltr'>hircocervo.</span> 
     </span>
    </p>

    <p class='ocr_par' dir='ltr' id='par_1_4' title="bbox 644 2063 2120 2387">
     <span class='ocr_line' id='line_1_39' title="bbox 733 2063 2119 2101; baseline -0.002 -8"><span class='ocrx_word' id='word_1_437' title='bbox 733 2067 795 2093; x_wconf 80' lang='lat' dir='ltr'>Nec</span> <span class='ocrx_word' id='word_1_438' title='bbox 815 2071 860 2093; x_wconf 82' lang='lat' dir='ltr'>est</span> <span class='ocrx_word' id='word_1_439' title='bbox 886 2071 987 2092; x_wconf 81' lang='lat' dir='ltr'>contra</span> <span class='ocrx_word' id='word_1_440' title='bbox 1007 2066 1168 2101; x_wconf 77' lang='lat' dir='ltr'>praemissa</span> <span class='ocrx_word' id='word_1_441' title='bbox 1188 2065 1259 2092; x_wconf 89' lang='lat' dir='ltr'>illud</span> <span class='ocrx_word' id='word_1_442' title='bbox 1276 2066 1295 2080; x_wconf 82' lang='lat'>¹⁰</span> <span class='ocrx_word' id='word_1_443' title='bbox 1315 2065 1393 2100; x_wconf 88' lang='lat' dir='ltr'>quod</span> <span class='ocrx_word' id='word_1_444' title='bbox 1411 2065 1429 2080; x_wconf 75' lang='lat'>¹⁷</span> <span class='ocrx_word' id='word_1_445' title='bbox 1448 2064 1616 2099; x_wconf 78' lang='lat' dir='ltr'>Simplicius</span> <span class='ocrx_word' id='word_1_446' title='bbox 1636 2063 1707 2090; x_wconf 82' lang='lat' dir='ltr'>dicit</span> <span class='ocrx_word' id='word_1_447' title='bbox 1726 2073 1815 2099; x_wconf 85' lang='lat' dir='ltr'>super</span> <span class='ocrx_word' id='word_1_448' title='bbox 1839 2064 2081 2090; x_wconf 84' lang='lat' dir='ltr'>Praedicamenta</span> <span class='ocrx_word' id='word_1_449' title='bbox 2099 2066 2119 2080; x_wconf 76' lang='lat'>¹³</span> 
     </span>
     <span class='ocr_line' id='line_1_40' title="bbox 644 2111 2118 2149; baseline -0.001 -10"><span class='ocrx_word' id='word_1_450' title='bbox 644 2115 694 2140; x_wconf 81' lang='lat' dir='ltr'>ubi</span> <span class='ocrx_word' id='word_1_451' title='bbox 721 2114 791 2141; x_wconf 83' lang='lat' dir='ltr'>dicit</span> <span class='ocrx_word' id='word_1_452' title='bbox 820 2113 898 2149; x_wconf 88' lang='lat' dir='ltr'>quod</span> <span class='ocrx_word' id='word_1_453' title='bbox 927 2118 1066 2149; x_wconf 87' lang='lat' dir='ltr'>quantum</span> <span class='ocrx_word' id='word_1_454' title='bbox 1096 2113 1133 2139; x_wconf 86' lang='lat' dir='ltr'>ad</span> <span class='ocrx_word' id='word_1_455' title='bbox 1160 2122 1253 2148; x_wconf 82' lang='lat' dir='ltr'>genus</span> <span class='ocrx_word' id='word_1_456' title='bbox 1281 2112 1464 2139; x_wconf 82' lang='lat' dir='ltr'>substantiae</span> <span class='ocrx_word' id='word_1_457' title='bbox 1496 2111 1631 2147; x_wconf 86' lang='lat' dir='ltr'>pertinet,</span> <span class='ocrx_word' id='word_1_458' title='bbox 1660 2120 1718 2138; x_wconf 89' lang='lat' dir='ltr'>non</span> <span class='ocrx_word' id='word_1_459' title='bbox 1749 2111 1839 2138; x_wconf 81' lang='lat' dir='ltr'>refert</span> <span class='ocrx_word' id='word_1_460' title='bbox 1867 2116 1963 2138; x_wconf 88' lang='lat' dir='ltr'>utrum</span> <span class='ocrx_word' id='word_1_461' title='bbox 1991 2113 1996 2145; x_wconf 87' lang='grc'>1</span> <span class='ocrx_word' id='word_1_462' title='bbox 2024 2111 2062 2138; x_wconf 85' lang='lat' dir='ltr'>sit</span> <span class='ocrx_word' id='word_1_463' title='bbox 2090 2111 2118 2138; x_wconf 90' lang='lat' dir='ltr'>in</span> 
     </span>
     <span class='ocr_line' id='line_1_41' title="bbox 646 2158 2120 2196; baseline -0.001 -8"><span class='ocrx_word' id='word_1_464' title='bbox 646 2163 734 2188; x_wconf 85' lang='lat' dir='ltr'>rebus</span> <span class='ocrx_word' id='word_1_465' title='bbox 760 2164 763 2194; x_wconf 87' lang='grc' dir='ltr'>Ι</span> <span class='ocrx_word' id='word_1_466' title='bbox 789 2170 824 2187; x_wconf 89' lang='lat' dir='ltr'>an</span> <span class='ocrx_word' id='word_1_467' title='bbox 843 2163 862 2177; x_wconf 81' lang='lat'>¹⁰</span> <span class='ocrx_word' id='word_1_468' title='bbox 890 2161 918 2187; x_wconf 90' lang='lat' dir='ltr'>in</span> <span class='ocrx_word' id='word_1_469' title='bbox 947 2166 1102 2196; x_wconf 85' lang='lat' dir='ltr'>conceptu,</span> <span class='ocrx_word' id='word_1_470' title='bbox 1131 2161 1199 2196; x_wconf 85' lang='lat' dir='ltr'>quia</span> <span class='ocrx_word' id='word_1_471' title='bbox 1228 2160 1267 2187; x_wconf 85' lang='lat' dir='ltr'>ibi</span> <span class='ocrx_word' id='word_1_472' title='bbox 1296 2160 1424 2195; x_wconf 87' lang='lat' dir='ltr'>loquitur</span> <span class='ocrx_word' id='word_1_473' title='bbox 1449 2168 1506 2185; x_wconf 87' lang='lat' dir='ltr'>non</span> <span class='ocrx_word' id='word_1_474' title='bbox 1535 2159 1571 2185; x_wconf 90' lang='lat' dir='ltr'>de</span> <span class='ocrx_word' id='word_1_475' title='bbox 1598 2168 1629 2186; x_wconf 89' lang='lat' dir='ltr'>re</span> <span class='ocrx_word' id='word_1_476' title='bbox 1648 2159 1795 2185; x_wconf 78' lang='lat' dir='ltr'>substrata</span> <span class='ocrx_word' id='word_1_477' title='bbox 1819 2159 1971 2186; x_wconf 86' lang='lat' dir='ltr'>intentioni</span> <span class='ocrx_word' id='word_1_478' title='bbox 1993 2158 2120 2194; x_wconf 83' lang='lat' dir='ltr'>generis,</span> 
     </span>
     <span class='ocr_line' id='line_1_42' title="bbox 645 2207 2119 2245; baseline -0.002 -9"><span class='ocrx_word' id='word_1_479' title='bbox 645 2209 697 2236; x_wconf 87' lang='lat' dir='ltr'>sed</span> <span class='ocrx_word' id='word_1_480' title='bbox 723 2209 760 2236; x_wconf 87' lang='lat' dir='ltr'>de</span> <span class='ocrx_word' id='word_1_481' title='bbox 787 2209 850 2245; x_wconf 78' lang='lat' dir='ltr'>ipsa</span> <span class='ocrx_word' id='word_1_482' title='bbox 880 2209 1040 2236; x_wconf 85' lang='lat' dir='ltr'>intentione</span> <span class='ocrx_word' id='word_1_483' title='bbox 1069 2216 1145 2244; x_wconf 88' lang='lat' dir='ltr'>quae</span> <span class='ocrx_word' id='word_1_484' title='bbox 1177 2208 1314 2235; x_wconf 82' lang='lat' dir='ltr'>convenit</span> <span class='ocrx_word' id='word_1_485' title='bbox 1342 2209 1430 2234; x_wconf 88' lang='lat' dir='ltr'>rebus</span> <span class='ocrx_word' id='word_1_486' title='bbox 1459 2216 1515 2234; x_wconf 91' lang='lat' dir='ltr'>non</span> <span class='ocrx_word' id='word_1_487' title='bbox 1543 2208 1570 2233; x_wconf 86' lang='lat' dir='ltr'>in</span> <span class='ocrx_word' id='word_1_488' title='bbox 1602 2215 1655 2233; x_wconf 89' lang='lat' dir='ltr'>suo</span> <span class='ocrx_word' id='word_1_489' title='bbox 1684 2215 1749 2233; x_wconf 86' lang='lat' dir='ltr'>esse</span> <span class='ocrx_word' id='word_1_490' title='bbox 1778 2207 1849 2233; x_wconf 85' lang='lat' dir='ltr'>reali</span> <span class='ocrx_word' id='word_1_491' title='bbox 1877 2207 1930 2234; x_wconf 87' lang='lat' dir='ltr'>sed</span> <span class='ocrx_word' id='word_1_492' title='bbox 1959 2207 2119 2233; x_wconf 87' lang='lat' dir='ltr'>secundum</span> 
     </span>
     <span class='ocr_line' id='line_1_43' title="bbox 645 2254 2119 2292; baseline -0.003 -8"><span class='ocrx_word' id='word_1_493' title='bbox 645 2265 710 2284; x_wconf 81' lang='lat' dir='ltr'>esse</span> <span class='ocrx_word' id='word_1_494' title='bbox 731 2257 810 2292; x_wconf 85' lang='lat' dir='ltr'>quod</span> <span class='ocrx_word' id='word_1_495' title='bbox 838 2257 947 2283; x_wconf 86' lang='lat' dir='ltr'>habent</span> <span class='ocrx_word' id='word_1_496' title='bbox 967 2257 995 2283; x_wconf 92' lang='lat' dir='ltr'>in</span> <span class='ocrx_word' id='word_1_497' title='bbox 1024 2257 1173 2283; x_wconf 84' lang='lat' dir='ltr'>intellectu</span> <span class='ocrx_word' id='word_1_498' title='bbox 1202 2255 1363 2282; x_wconf 84' lang='lat' dir='ltr'>secundum</span> <span class='ocrx_word' id='word_1_499' title='bbox 1391 2255 1469 2291; x_wconf 89' lang='lat' dir='ltr'>quod</span> <span class='ocrx_word' id='word_1_500' title='bbox 1489 2263 1554 2282; x_wconf 84' lang='lat' dir='ltr'>esse</span> <span class='ocrx_word' id='word_1_501' title='bbox 1582 2263 1676 2290; x_wconf 87' lang='lat' dir='ltr'>genus</span> <span class='ocrx_word' id='word_1_502' title='bbox 1697 2254 1950 2289; x_wconf 83' lang='lat' dir='ltr'>generalissimum</span> <span class='ocrx_word' id='word_1_503' title='bbox 1980 2258 2025 2281; x_wconf 88' lang='lat' dir='ltr'>est</span> <span class='ocrx_word' id='word_1_504' title='bbox 2053 2262 2119 2281; x_wconf 86' lang='lat' dir='ltr'>esse</span> 
     </span>
     <span class='ocr_line' id='line_1_44' title="bbox 644 2302 2119 2338; baseline -0.002 -7"><span class='ocrx_word' id='word_1_505' title='bbox 644 2305 769 2331; x_wconf 84' lang='lat' dir='ltr'>maxime</span> <span class='ocrx_word' id='word_1_506' title='bbox 798 2305 986 2337; x_wconf 82' lang='lat' dir='ltr'>abstractum,</span> <span class='ocrx_word' id='word_1_507' title='bbox 1015 2313 1080 2331; x_wconf 86' lang='lat' dir='ltr'>esse</span> <span class='ocrx_word' id='word_1_508' title='bbox 1107 2308 1203 2331; x_wconf 89' lang='lat' dir='ltr'>autem</span> <span class='ocrx_word' id='word_1_509' title='bbox 1229 2312 1322 2338; x_wconf 83' lang='lat' dir='ltr'>genus</span> <span class='ocrx_word' id='word_1_510' title='bbox 1347 2303 1546 2330; x_wconf 82' lang='lat' dir='ltr'>subalternum</span> <span class='ocrx_word' id='word_1_511' title='bbox 1567 2307 1611 2329; x_wconf 86' lang='lat' dir='ltr'>est</span> <span class='ocrx_word' id='word_1_512' title='bbox 1638 2311 1704 2329; x_wconf 86' lang='lat' dir='ltr'>esse</span> <span class='ocrx_word' id='word_1_513' title='bbox 1730 2302 1824 2328; x_wconf 85' lang='lat' dir='ltr'>minus</span> <span class='ocrx_word' id='word_1_514' title='bbox 1849 2303 2037 2329; x_wconf 86' lang='lat' dir='ltr'>abstractum.</span> <span class='ocrx_word' id='word_1_515' title='bbox 2057 2302 2119 2329; x_wconf 88' lang='lat' dir='ltr'>Nos</span> 
     </span>
     <span class='ocr_line' id='line_1_45' title="bbox 644 2349 2119 2387; baseline -0.002 -8"><span class='ocrx_word' id='word_1_516' title='bbox 644 2356 741 2379; x_wconf 88' lang='lat' dir='ltr'>autern</span> <span class='ocrx_word' id='word_1_517' title='bbox 761 2352 807 2379; x_wconf 91' lang='lat' dir='ltr'>hic</span> <span class='ocrx_word' id='word_1_518' title='bbox 827 2361 885 2379; x_wconf 90' lang='lat' dir='ltr'>non</span> <span class='ocrx_word' id='word_1_519' title='bbox 910 2352 1056 2387; x_wconf 89' lang='lat' dir='ltr'>loquimur</span> <span class='ocrx_word' id='word_1_520' title='bbox 1081 2351 1116 2378; x_wconf 91' lang='lat' dir='ltr'>de</span> <span class='ocrx_word' id='word_1_521' title='bbox 1142 2351 1303 2379; x_wconf 84' lang='lat' dir='ltr'>intentione</span> <span class='ocrx_word' id='word_1_522' title='bbox 1331 2351 1492 2378; x_wconf 82' lang='lat' dir='ltr'>secundum</span> <span class='ocrx_word' id='word_1_523' title='bbox 1505 2359 1572 2377; x_wconf 85' lang='lat' dir='ltr'>esse</span> <span class='ocrx_word' id='word_1_524' title='bbox 1601 2351 1648 2377; x_wconf 79' lang='lat' dir='ltr'>vel</span> <span class='ocrx_word' id='word_1_525' title='bbox 1675 2359 1734 2377; x_wconf 86' lang='lat' dir='ltr'>non</span> <span class='ocrx_word' id='word_1_526' title='bbox 1763 2359 1828 2377; x_wconf 86' lang='lat' dir='ltr'>esse</span> <span class='ocrx_word' id='word_1_527' title='bbox 1857 2351 2046 2383; x_wconf 87' lang='lat' dir='ltr'>abstractum,</span> <span class='ocrx_word' id='word_1_528' title='bbox 2065 2349 2119 2377; x_wconf 86' lang='lat' dir='ltr'>sed</span> 
     </span>
    </p>
   </div>
   <div class='ocr_carea' id='block_1_4' title="bbox 643 2476 2118 2600">
    <p class='ocr_par' dir='ltr' id='par_1_5' title="bbox 643 2476 2118 2600">
     <span class='ocr_line' id='line_1_46' title="bbox 735 2476 2118 2514; baseline -0.002 -8"><span class='ocrx_word' id='word_1_529' title='bbox 735 2481 741 2496; x_wconf 92' lang='lat'>¹</span> <span class='ocrx_word' id='word_1_530' title='bbox 757 2489 811 2506; x_wconf 87' lang='lat' dir='ltr'><strong>om.</strong></span> <span class='ocrx_word' id='word_1_531' title='bbox 831 2480 860 2507; x_wconf 91' lang='lat' dir='ltr'>S.</span> <span class='ocrx_word' id='word_1_532' title='bbox 880 2495 913 2499; x_wconf 89' lang='lat'>—</span> <span class='ocrx_word' id='word_1_533' title='bbox 934 2480 944 2495; x_wconf 80' lang='lat'>²</span> <span class='ocrx_word' id='word_1_534' title='bbox 963 2479 1068 2514; x_wconf 85' lang='lat' dir='ltr'>triplex</span> <span class='ocrx_word' id='word_1_535' title='bbox 1087 2479 1134 2513; x_wconf 85' lang='lat' dir='ltr'>sit]</span> <span class='ocrx_word' id='word_1_536' title='bbox 1154 2478 1192 2505; x_wconf 87' lang='lat' dir='ltr'>sit</span> <span class='ocrx_word' id='word_1_537' title='bbox 1211 2478 1316 2514; x_wconf 88' lang='lat' dir='ltr'>triplex</span> <span class='ocrx_word' id='word_1_538' title='bbox 1337 2478 1370 2505; x_wconf 93' lang='lat' dir='ltr'>C.</span> <span class='ocrx_word' id='word_1_539' title='bbox 1391 2494 1423 2498; x_wconf 87' lang='lat'>—</span> <span class='ocrx_word' id='word_1_540' title='bbox 1443 2479 1454 2494; x_wconf 83' lang='lat'><strong>³</strong></span> <span class='ocrx_word' id='word_1_541' title='bbox 1473 2477 1579 2513; x_wconf 85' lang='lat' dir='ltr'>triplex</span> <span class='ocrx_word' id='word_1_542' title='bbox 1598 2478 1675 2512; x_wconf 86' lang='lat' dir='ltr'>esse]</span> <span class='ocrx_word' id='word_1_543' title='bbox 1696 2485 1761 2504; x_wconf 86' lang='lat' dir='ltr'>esse</span> <span class='ocrx_word' id='word_1_544' title='bbox 1781 2477 1935 2512; x_wconf 88' lang='lat' dir='ltr'>tripliciter</span> <span class='ocrx_word' id='word_1_545' title='bbox 1954 2477 1987 2504; x_wconf 91' lang='lat' dir='ltr'>C.</span> <span class='ocrx_word' id='word_1_546' title='bbox 2007 2493 2040 2496; x_wconf 97' lang='lat'><strong>—</strong></span> <span class='ocrx_word' id='word_1_547' title='bbox 2060 2478 2070 2492; x_wconf 79' lang='lat'><strong>⁴</strong></span> <span class='ocrx_word' id='word_1_548' title='bbox 2089 2476 2118 2503; x_wconf 91' lang='lat' dir='ltr'>in</span> 
     </span>
     <span class='ocr_line' id='line_1_47' title="bbox 643 2520 2118 2555; baseline -0.002 -5"><span class='ocrx_word' id='word_1_549' title='bbox 643 2524 712 2550; x_wconf 78' lang='lat' dir='ltr'><strong>add.</strong></span> <span class='ocrx_word' id='word_1_550' title='bbox 732 2524 762 2550; x_wconf 90' lang='lat' dir='ltr'>P.</span> <span class='ocrx_word' id='word_1_551' title='bbox 783 2539 815 2543; x_wconf 79' lang='lat'>—</span> <span class='ocrx_word' id='word_1_552' title='bbox 837 2525 847 2538; x_wconf 76' lang='lat'>⁵</span> <span class='ocrx_word' id='word_1_553' title='bbox 865 2532 923 2550; x_wconf 87' lang='lat' dir='ltr'>non</span> <span class='ocrx_word' id='word_1_554' title='bbox 943 2523 976 2550; x_wconf 85' lang='lat' dir='ltr'>C.</span> <span class='ocrx_word' id='word_1_555' title='bbox 998 2539 1029 2542; x_wconf 97' lang='lat'><strong>—</strong></span> <span class='ocrx_word' id='word_1_556' title='bbox 1050 2523 1060 2538; x_wconf 82' lang='lat'>⁰</span> <span class='ocrx_word' id='word_1_557' title='bbox 1078 2522 1126 2549; x_wconf 87' lang='lat' dir='ltr'>vel</span> <span class='ocrx_word' id='word_1_558' title='bbox 1147 2522 1178 2549; x_wconf 92' lang='lat' dir='ltr'>C.</span> <span class='ocrx_word' id='word_1_559' title='bbox 1199 2538 1232 2542; x_wconf 97' lang='lat'>—</span> <span class='ocrx_word' id='word_1_560' title='bbox 1254 2523 1263 2538; x_wconf 94' lang='lat'>⁷</span> <span class='ocrx_word' id='word_1_561' title='bbox 1281 2526 1394 2548; x_wconf 82' lang='lat' dir='ltr'>tantum</span> <span class='ocrx_word' id='word_1_562' title='bbox 1414 2521 1471 2548; x_wconf 93' lang='lat' dir='ltr'>PC.</span> <span class='ocrx_word' id='word_1_563' title='bbox 1492 2537 1525 2541; x_wconf 86' lang='lat'>-—-</span> <span class='ocrx_word' id='word_1_564' title='bbox 1545 2522 1556 2537; x_wconf 80' lang='lat'>⁸</span> <span class='ocrx_word' id='word_1_565' title='bbox 1573 2525 1641 2548; x_wconf 89' lang='lat' dir='ltr'>sunt</span> <span class='ocrx_word' id='word_1_566' title='bbox 1660 2521 1783 2555; x_wconf 88' lang='lat' dir='ltr'>scilicet]</span> <span class='ocrx_word' id='word_1_567' title='bbox 1803 2521 1918 2548; x_wconf 87' lang='lat' dir='ltr'>scilicet</span> <span class='ocrx_word' id='word_1_568' title='bbox 1936 2525 2004 2547; x_wconf 90' lang='lat' dir='ltr'>sunt</span> <span class='ocrx_word' id='word_1_569' title='bbox 2023 2520 2056 2548; x_wconf 90' lang='lat' dir='ltr'>C.</span> <span class='ocrx_word' id='word_1_570' title='bbox 2084 2536 2118 2540; x_wconf 96' lang='lat'>—</span> 
     </span>
     <span class='ocr_line' id='line_1_48' title="bbox 643 2563 2118 2600; baseline -0.003 -6"><span class='ocrx_word' id='word_1_571' title='bbox 643 2568 654 2583; x_wconf 82' lang='lat'>¹³</span> <span class='ocrx_word' id='word_1_572' title='bbox 676 2567 762 2594; x_wconf 84' lang='lat' dir='ltr'>simul</span> <span class='ocrx_word' id='word_1_573' title='bbox 781 2567 812 2594; x_wconf 91' lang='lat' dir='ltr'>P.</span> <span class='ocrx_word' id='word_1_574' title='bbox 841 2583 874 2586; x_wconf 97' lang='lat'><strong>—</strong></span> <span class='ocrx_word' id='word_1_575' title='bbox 899 2567 920 2583; x_wconf 85' lang='lat'>¹⁰</span> <span class='ocrx_word' id='word_1_576' title='bbox 939 2575 993 2593; x_wconf 86' lang='lat' dir='ltr'><strong>om.</strong></span> <span class='ocrx_word' id='word_1_577' title='bbox 1013 2567 1052 2600; x_wconf 82' lang='lat' dir='ltr'>S3</span> <span class='ocrx_word' id='word_1_578' title='bbox 1079 2566 1149 2592; x_wconf 80' lang='lat' dir='ltr'><strong>add.</strong></span> <span class='ocrx_word' id='word_1_579' title='bbox 1168 2573 1203 2597; x_wconf 67' lang='lat'>20</span> <span class='ocrx_word' id='word_1_580' title='bbox 1223 2575 1261 2592; x_wconf 87' lang='lat' dir='ltr'><strong>m.</strong></span> <span class='ocrx_word' id='word_1_581' title='bbox 1278 2565 1319 2599; x_wconf 89' lang='lat' dir='ltr'>S;</span> <span class='ocrx_word' id='word_1_582' title='bbox 1339 2574 1398 2592; x_wconf 90' lang='lat' dir='ltr'>non</span> <span class='ocrx_word' id='word_1_583' title='bbox 1420 2581 1454 2585; x_wconf 89' lang='lat'><strong>—</strong></span> <span class='ocrx_word' id='word_1_584' title='bbox 1475 2566 1583 2600; x_wconf 89' lang='lat' dir='ltr'>potest]</span> <span class='ocrx_word' id='word_1_585' title='bbox 1604 2569 1633 2592; x_wconf 86' lang='lat' dir='ltr'>et</span> <span class='ocrx_word' id='word_1_586' title='bbox 1651 2564 1695 2591; x_wconf 85' lang='lat' dir='ltr'>sic</span> <span class='ocrx_word' id='word_1_587' title='bbox 1713 2573 1772 2591; x_wconf 91' lang='lat' dir='ltr'>non</span> <span class='ocrx_word' id='word_1_588' title='bbox 1792 2568 1892 2600; x_wconf 88' lang='lat' dir='ltr'>potest</span> <span class='ocrx_word' id='word_1_589' title='bbox 1910 2564 2012 2590; x_wconf 87' lang='lat' dir='ltr'>haberi</span> <span class='ocrx_word' id='word_1_590' title='bbox 2032 2563 2065 2591; x_wconf 94' lang='lat' dir='ltr'>C.</span> <span class='ocrx_word' id='word_1_591' title='bbox 2084 2579 2118 2583; x_wconf 89' lang='lat'><em>-</em></span> 
     </span>
    </p>
   </div>
   <div class='ocr_carea' id='block_1_5' title="bbox 642 2607 2120 2733">
    <p class='ocr_par' dir='ltr' id='par_1_6' title="bbox 642 2607 2120 2733">
     <span class='ocr_line' id='line_1_49' title="bbox 645 2607 2118 2645; baseline -0.002 -8"><span class='ocrx_word' id='word_1_592' title='bbox 645 2613 665 2626; x_wconf 88' lang='lat'>¹¹</span> <span class='ocrx_word' id='word_1_593' title='bbox 679 2611 716 2637; x_wconf 87' lang='lat' dir='ltr'>de</span> <span class='ocrx_word' id='word_1_594' title='bbox 735 2611 804 2637; x_wconf 82' lang='lat' dir='ltr'><strong>add.</strong></span> <span class='ocrx_word' id='word_1_595' title='bbox 825 2610 857 2637; x_wconf 92' lang='lat' dir='ltr'>C.</span> <span class='ocrx_word' id='word_1_596' title='bbox 877 2626 910 2630; x_wconf 85' lang='lat'>—</span> <span class='ocrx_word' id='word_1_597' title='bbox 933 2611 953 2626; x_wconf 83' lang='lat'>¹²</span> <span class='ocrx_word' id='word_1_598' title='bbox 967 2614 1034 2636; x_wconf 87' lang='lat' dir='ltr'>actu</span> <span class='ocrx_word' id='word_1_599' title='bbox 1047 2625 1080 2629; x_wconf 89' lang='lat'>—</span> <span class='ocrx_word' id='word_1_600' title='bbox 1094 2609 1236 2645; x_wconf 85' lang='lat' dir='ltr'>potentia]</span> <span class='ocrx_word' id='word_1_601' title='bbox 1256 2609 1286 2636; x_wconf 89' lang='lat' dir='ltr'>in</span> <span class='ocrx_word' id='word_1_602' title='bbox 1300 2613 1368 2636; x_wconf 89' lang='lat' dir='ltr'>actu</span> <span class='ocrx_word' id='word_1_603' title='bbox 1387 2613 1416 2635; x_wconf 92' lang='lat' dir='ltr'>et</span> <span class='ocrx_word' id='word_1_604' title='bbox 1434 2608 1464 2635; x_wconf 90' lang='lat' dir='ltr'>in</span> <span class='ocrx_word' id='word_1_605' title='bbox 1478 2609 1610 2644; x_wconf 86' lang='lat' dir='ltr'>potentia</span> <span class='ocrx_word' id='word_1_606' title='bbox 1623 2608 1657 2635; x_wconf 94' lang='lat' dir='ltr'>C.</span> <span class='ocrx_word' id='word_1_607' title='bbox 1671 2623 1705 2627; x_wconf 91' lang='lat'>—-</span> <span class='ocrx_word' id='word_1_608' title='bbox 1721 2608 1741 2624; x_wconf 78' lang='lat'>¹³</span> <span class='ocrx_word' id='word_1_609' title='bbox 1754 2617 1810 2634; x_wconf 90' lang='lat' dir='ltr'><strong>om.</strong></span> <span class='ocrx_word' id='word_1_610' title='bbox 1825 2607 1858 2635; x_wconf 91' lang='lat' dir='ltr'>C.</span> <span class='ocrx_word' id='word_1_611' title='bbox 1871 2623 1906 2627; x_wconf 80' lang='lat'>——</span> <span class='ocrx_word' id='word_1_612' title='bbox 1924 2609 1945 2624; x_wconf 76' lang='lat'>¹⁸</span> <span class='ocrx_word' id='word_1_613' title='bbox 1957 2607 2118 2634; x_wconf 86' lang='lat' dir='ltr'>secundum</span> 
     </span>
     <span class='ocr_line' id='line_1_50' title="bbox 643 2649 2120 2689; baseline -0.003 -8"><span class='ocrx_word' id='word_1_614' title='bbox 643 2654 723 2689; x_wconf 89' lang='lat' dir='ltr'>quod</span> <span class='ocrx_word' id='word_1_615' title='bbox 743 2654 775 2681; x_wconf 87' lang='lat' dir='ltr'>C.</span> <span class='ocrx_word' id='word_1_616' title='bbox 798 2670 831 2674; x_wconf 96' lang='lat'>—</span> <span class='ocrx_word' id='word_1_617' title='bbox 853 2655 874 2670; x_wconf 82' lang='lat'>¹⁵</span> <span class='ocrx_word' id='word_1_618' title='bbox 889 2653 1004 2683; x_wconf 83' lang='lat' dir='ltr'>ad,hoc</span> <span class='ocrx_word' id='word_1_619' title='bbox 1023 2653 1076 2680; x_wconf 87' lang='lat' dir='ltr'>SP.</span> <span class='ocrx_word' id='word_1_620' title='bbox 1097 2669 1130 2672; x_wconf 97' lang='lat'><strong>—</strong></span> <span class='ocrx_word' id='word_1_621' title='bbox 1160 2653 1181 2668; x_wconf 79' lang='lat'>¹⁸</span> <span class='ocrx_word' id='word_1_622' title='bbox 1193 2652 1224 2679; x_wconf 91' lang='lat' dir='ltr'>id</span> <span class='ocrx_word' id='word_1_623' title='bbox 1243 2652 1276 2679; x_wconf 94' lang='lat' dir='ltr'><strong>C.</strong></span> <span class='ocrx_word' id='word_1_624' title='bbox 1297 2668 1330 2672; x_wconf 75' lang='lat'><strong>-</strong></span> <span class='ocrx_word' id='word_1_625' title='bbox 1360 2653 1381 2668; x_wconf 61' lang='lat'>¹²</span> <span class='ocrx_word' id='word_1_626' title='bbox 1394 2656 1439 2679; x_wconf 84' lang='lat' dir='ltr'>est</span> <span class='ocrx_word' id='word_1_627' title='bbox 1458 2652 1527 2679; x_wconf 85' lang='lat' dir='ltr'><strong>add.</strong></span> <span class='ocrx_word' id='word_1_628' title='bbox 1547 2652 1577 2679; x_wconf 90' lang='lat' dir='ltr'><strong>S.</strong></span> <span class='ocrx_word' id='word_1_629' title='bbox 1596 2667 1630 2671; x_wconf 89' lang='lat'>—</span> <span class='ocrx_word' id='word_1_630' title='bbox 1660 2652 1682 2668; x_wconf 80' lang='lat'>¹⁸</span> <span class='ocrx_word' id='word_1_631' title='bbox 1696 2660 1785 2687; x_wconf 86' lang='lat' dir='ltr'>super</span> <span class='ocrx_word' id='word_1_632' title='bbox 1812 2651 2060 2686; x_wconf 85' lang='lat' dir='ltr'>praedicamenta]</span> <span class='ocrx_word' id='word_1_633' title='bbox 2088 2649 2120 2676; x_wconf 89' lang='lat' dir='ltr'>in</span> 
     </span>
     <span class='ocr_line' id='line_1_51' title="bbox 642 2696 1152 2733; baseline -0.002 -9"><span class='ocrx_word' id='word_1_634' title='bbox 642 2697 890 2733; x_wconf 85' lang='lat' dir='ltr'>praedicamentis</span> <span class='ocrx_word' id='word_1_635' title='bbox 909 2697 942 2724; x_wconf 93' lang='lat' dir='ltr'><strong>C.</strong></span> <span class='ocrx_word' id='word_1_636' title='bbox 961 2712 995 2716; x_wconf 90' lang='lat'>—</span> <span class='ocrx_word' id='word_1_637' title='bbox 1017 2697 1037 2712; x_wconf 73' lang='lat'>¹¹²</span> <span class='ocrx_word' id='word_1_638' title='bbox 1050 2701 1100 2723; x_wconf 88' lang='lat' dir='ltr'>aut</span> <span class='ocrx_word' id='word_1_639' title='bbox 1119 2696 1152 2723; x_wconf 91' lang='lat' dir='ltr'><strong>C.</strong></span> 
     </span>
    </p>
   </div>
   <div class='ocr_carea' id='block_1_6' title="bbox 2491 1538 2493 2351">
    <p class='ocr_par' dir='ltr' id='par_1_7' title="bbox 2491 1538 2493 2351">
     <span class='ocr_line' id='line_1_52' title="bbox 2491 1538 2493 2351; baseline 0 0"><span class='ocrx_word' id='word_1_640' title='bbox 2491 1538 2493 2351; x_wconf 95' lang='lat' dir='ltr'> </span> 
     </span>
    </p>
   </div>
  </div>
 </body>
</html>
