2493 3458
620 438 654 462 98
985 433 1173 460 MAGISTRI
1205 432 1422 458 ‹zoniifsslm
1454 432 1503 458 DE
1533 431 1729 458 FONTIBUS

622 531 719 557 actus
737 525 930 566 completus
949 524 1000 555 vel
1019 523 1050 554 in
1076 529 1155 554 actu
1176 523 1360 564 completo,
1386 527 1419 553 et
1444 532 1513 553 non
1540 521 1583 553 de
1608 521 1661 552 liis
1686 531 1832 562 quorum
1859 531 1963 552 unum
1989 521 2093 553 habet

622 583 789 614 rationem
815 588 913 613 actus
939 581 1135 623 incompleti
1162 586 1322 622 respectu
1340 579 1488 611 alterius.
1513 579 1624 610 I’rima
1645 584 1758 610 autem
1778 579 1898 617 forma,
1925 578 2004 620 quia
2022 589 2092 610 non

623 641 680 672 dat
698 651 775 672 esse
800 645 833 671 et
858 639 1089 671 actualitatem
1115 649 1176 680 per
1201 649 1302 680 quam
1329 637 1559 679 compositum
1586 637 1712 668 babeat
1736 647 1813 668 esse
1839 635 2037 678 simpliciter
2061 642 2094 668 et

622 698 804 740 complete,
830 697 909 729 ideo
935 697 1127 729 secundum
1153 695 1235 727 illud
1261 706 1337 727 esse
1365 695 1415 726 vel
1433 694 1626 726 secundum
1645 693 1843 726 huiusmodi
1862 693 2094 726 actualitatem

622 767 693 787 non
713 756 817 787 habet
835 766 911 787 esse
930 754 962 786 in
980 765 1109 797 genere
1131 754 1182 785 vel
1199 754 1204 770 ¹
1222 753 1255 785 in
1274 753 1391 795 specie
1419 752 1620 794 simpliciter
1638 758 1671 784 et
1689 752 1872 794 complete.
1892 752 1944 783 De
1962 751 2095 784 ratione

623 813 712 846 enim
746 813 819 845 eius
848 813 942 854 quod
970 818 1022 844 est
1051 812 1083 843 in
1113 811 1267 853 genere¹
1296 810 1510 842 substantiae
1539 809 1739 852 simpliciter
1767 815 1818 841 est
1847 810 1941 851 quod
1969 810 2096 841 habeat

623 872 724 903 esse²
752 870 950 912 simpliciter
977 869 1098 902 stabile
1124 876 1157 901 et
1182 869 1334 911 quietum
1361 869 1413 900 vel
1439 868 1542 900 lixum
1569 874 1601 900 et
1627 868 1838 910 completum
1865 878 1926 910 per
1951 867 2094 899 sormam

623 929 831 971 specificam.
862 929 962 960 Unde
988 928 1098 959 forma
1123 927 1287 969 specifica
1312 927 1485 968 complete
1510 925 1667 957 consistit
1693 936 1764 957 non
1790 925 1900 956 solum
1928 925 1961 956 in
1987 925 2096 956 forma

623 986 848 1024 differentiae,
869 986 931 1017 sed
949 985 1050 1017 etiam
1069 985 1102 1016 in
1123 985 1232 1016 forma
1249 984 1397 1027 generis.
1422 985 1485 1016 l’er
1511 984 1653 1015 formam
1680 983 1771 1015 onim
1798 982 2096 1014 substantialitatis

625 1045 677 1077 vel
703 1043 941 1086 corporeitatis
967 1049 1046 1074 ante
1072 1043 1258 1075 adventum
1285 1042 1415 1074 formae
1441 1041 1628 1084 specificae
1653 1042 1756 1073 babet
1783 1041 1919 1082 species
1938 1041 2096 1072 substan-

625 1102 690 1134 tiae
723 1102 897 1143 quendam
930 1102 1071 1132 modum
1105 1100 1319 1132 substantiae
1353 1100 1404 1131 vel
1439 1099 1596 1141 corporis⁴
1630 1099 1876 1140 incompletum
1910 1105 2034 1135 tamen,
2065 1105 2097 1130 et

625 1160 817 1202 completur
849 1159 922 1191 eius
951 1158 1223 1190 substantialitas
1253 1164 1286 1190 et
1314 1157 1527 1200 corporeitas
1557 1169 1617 1199 per
1646 1157 1790 1188 formam
1820 1156 2030 1199 specificam.
2061 1156 2097 1188 Si

625 1217 715 1250 enim
735 1218 800 1249 tale
819 1216 1049 1259 compositum
1076 1217 1218 1247 liaberet
1244 1227 1321 1247 esse
1347 1216 1556 1257 completum
1584 1215 1617 1246 in
1643 1226 1772 1255 genere
1797 1214 2012 1246 substantiae
2038 1224 2099 1256 per

625 1276 714 1307 illam
741 1275 882 1317 primam
911 1275 1066 1312 formam,
1093 1275 1202 1305 forma
1228 1273 1392 1315 specifica
1417 1280 1509 1304 esset
1535 1279 1628 1304 extra
1654 1273 1820 1304 rationem
1851 1279 1883 1304 et
1911 1271 2097 1304 essentiam

626 1333 700 1365 talis
730 1331 913 1374 compositi
943 1338 976 1364 et
1004 1337 1096 1363 esset
1121 1331 1355 1368 accidentalis,
1383 1337 1414 1363 et
1440 1342 1477 1362 se
1504 1331 1646 1362 liaberet
1671 1331 1776 1361 bomo
1802 1330 1844 1361 ad
1870 1329 2097 1361 substantiam

626 1391 714 1422 sicut
747 1391 852 1422 liomo
882 1390 980 1421 albus¹
1009 1390 1053 1420 ad
1085 1389 1270 1421 hominem.
1303 1390 1366 1420 l'cr
1395 1388 1636 1420 intellectivam
1669 1399 1754 1430 ergo
1783 1389 1889 1419 bomo
1919 1387 1952 1419 in
1982 1387 2099 1429 specie

626 1448 813 1491 reponitur,
832 1454 864 1480 et
882 1447 983 1479 ctiam
1003 1447 1155 1489 perfecte
1174 1458 1234 1489 por
1253 1447 1361 1488 ipsam
1381 1447 1484 1478 habet
1511 1458 1588 1477 esse
1607 1446 1639 1488 in
1661 1456 1800 1487 genere,
1819 1457 1889 1476 non
1908 1446 1967 1477 dat
1985 1451 2099 1477 tamen

626 1506 757 1539 homini
775 1518 852 1538 csse
871 1505 1109 1543 substantiam,
1128 1505 1189 1536 scd
1207 1505 1499 1546 οωιιηῆυιηρῃῖιιιη
1519 1503 1744 1542 substantiae,
1760 1514 1825 1535 nec
1843 1514 1921 1535 esse
1943 1503 2100 1545 corporis

627 1565 688 1596 sed
714 1564 1005 1606 complementum
1031 1562 1280 1605 corporeitatis.
1310 1563 1347 1594 lit
1377 1562 1465 1593 sicut
1494 1561 1634 1593 materia
1664 1563 1767 1593 habet
1797 1572 1858 1603 per
1886 1572 1924 1593 se
1953 1561 2099 1603 gradum

627 1621 925 1654 substantialitatis
951 1621 1197 1662 incompletum
1224 1627 1337 1652 tamen
1366 1620 1475 1657 valde,
1495 1619 1540 1651 ita
1566 1620 1646 1651 illual
1672 1619 1905 1661 compositum
1931 1630 1971 1651 ex
1992 1619 2100 1651 forma

628 1680 858 1722 praecedente
877 1679 1098 1721 specificans*
1115 1685 1166 1710 est
1184 1678 1377 1710 substantia
1396 1678 1615 1719 incompleta,
1641 1677 1719 1709 licet
1738 1677 1880 1708 multum
1896 1677 2102 1719 completior

628 1749 729 1780 quam
755 1737 904 1769 materia.
931 1737 1010 1768 Non
1037 1737 1198 1768 obstante
1224 1747 1309 1777 ergo
1340 1736 1533 1778 pluralitate
1563 1736 1759 1773 formarum,
1789 1745 1867 1766 cum
1895 1746 1962 1766 una
1994 1735 2036 1766 sit
2066 1741 2101 1767 ut

450 1800 532 1839 ¹cod.
550 1800 571 1826 P
628 1794 768 1826 materia
793 1799 954 1836 respectu
979 1793 1118 1825 alterius
1143 1800 1176 1825 et
1202 1793 1267 1824 alia
1292 1793 1349 1824 det
1371 1792 1500 1834 primae
1518 1803 1595 1824 esse
1613 1793 1751 1834 comple
1780 1794 1783 1831 ζ
1812 1798 1894 1831 tum,
1913 1791 1975 1824 erit
1993 1802 2101 1823 unum

442 1836 604 1862 *Qui-³1³⁸
630 1863 691 1895 per
708 1863 745 1884 se
762 1852 815 1884 vel
834 1862 895 1893 per
920 1853 1105 1883 essentiam
1132 1862 1172 1882 ex
1198 1851 1258 1887 eis,
1277 1851 1365 1882 sicut
1390 1862 1430 1882 ex
1457 1850 1597 1882 materia
1623 1861 1712 1892 quae
1738 1850 1931 1882 secundum
1959 1849 2102 1881 istorum

630 1910 831 1952 opinionem
850 1909 931 1941 dicit
949 1909 1077 1950 aliquid
1095 1909 1300 1941 actualitatis
1319 1915 1351 1941 et
1370 1909 1488 1943 forma,
1503 1919 1573 1940 non
1592 1909 1752 1940 obstante
1771 1907 1970 1940 huiusmodi
1988 1914 2102 1939 actua-

628 1968 722 2000 litate
743 1967 870 2010 duplici
895 1967 930 1999 fit
956 1977 1061 1998 unum
1088 1978 1150 2008 per
1174 1967 1369 1999 essentiam.
1396 1966 1438 1998 Et
1463 1967 1551 1998 sicut
1577 1972 1698 1998 natura
1723 1976 1911 2007 numquam
1933 1971 2104 2007 permutat

630 2025 805 2058 materiam
831 2025 905 2057 sine
930 2025 1041 2056 forma
1065 2025 1108 2056 ad
1133 2036 1236 2066 quam
1261 2030 1313 2056 est
1338 2024 1370 2056 in
1396 2023 1561 2066 potentia,
1580 2024 1635 2055 ut*
1653 2034 1714 2066 per
1738 2023 1849 2065 ipsam
1873 2024 2000 2056 habeat
2025 2034 2103 2055 esse

631 2084 854 2126 completum,
873 2083 918 2114 ita
943 2083 1045 2115 etiam
1070 2093 1258 2124 numquam
1284 2082 1371 2113 sistit
1396 2083 1460 2113 sub
1486 2081 1594 2123 prima
1612 2081 1733 2119 forma,
1752 2082 1814 2113 sed
1836 2081 2002 2113 continue
2027 2092 2104 2122 pro-

632 2141 723 2174 cedit
747 2147 868 2173 natura
895 2142 938 2172 ad
963 2141 1108 2171 formam
1134 2141 1340 2182 completam
1367 2139 1564 2181 specificam
1591 2140 1634 2171 ad
1659 2150 1761 2180 quam
1787 2145 1839 2171 est
1865 2139 1898 2170 in
1924 2139 2078 2181 potentia
2094 2138 2104 2155 ⁴

631 2206 664 2231 et
692 2199 886 2241 completur
914 2209 976 2241 per
1003 2209 1088 2230 eam.
1108 2198 1210 2230 Unde
1238 2197 1436 2229 huiusmodi
1463 2197 1695 2239 compositum
1725 2197 1939 2239 praecedens
1964 2207 2035 2228 non
2053 2202 2106 2229 est

631 2257 863 2300 principaliter
894 2256 1090 2288 intentum⁶
1117 2266 1136 2287 a
1165 2262 1297 2295 natura,
1328 2256 1389 2288 sed
1415 2262 1466 2287 est
1499 2255 1626 2297 quasi⁶
1653 2256 1829 2297 quoddam
1849 2254 1999 2286 medium
2034 2265 2104 2296 quo

631 2321 751 2347 natura
780 2314 950 2357 incipiens
977 2325 996 2346 a
1024 2313 1134 2356 primo
1163 2314 1390 2345 fundamento
1416 2320 1558 2345 naturae
1591 2313 1730 2345 devenit
1765 2313 1809 2344 ad
1835 2313 2045 2354 completum
2072 2318 2105 2344 et

631 2372 833 2415 specificum
862 2383 925 2405 ens
958 2372 1051 2413 quod
1082 2371 1236 2403 intendit.
1268 2391 1308 2394 —
1337 2371 1386 2403 Ita
1417 2371 1519 2403 etiam
1549 2371 1582 2402 in
1615 2370 1827 2403 resolutione
1856 2376 2000 2402 naturae
2033 2380 2104 2402 non

632 2431 779 2473 quiescit
809 2431 924 2462 donec
955 2429 1134 2463 resolverit
1166 2430 1200 2461 in
1233 2429 1431 2461 huiusmodi
1470 2428 1616 2471 primum
1654 2429 1918 2460 fundamentum
1951 2434 2104 2460 naturae.

633 2489 734 2521 Unde
767 2494 902 2520 mortuo
937 2487 1104 2520 homine⁷
1134 2498 1205 2519 non
1237 2487 1465 2519 introducitur
1495 2497 1586 2518 nova
1620 2487 1730 2518 forma
1760 2486 1936 2528 specifica,
1967 2486 2029 2517 sed
2055 2491 2107 2517 est

440 2537 609 2599 folc‘g'ssgv'xyrb
634 2546 821 2578 continuus
846 2556 1034 2588 processus
1063 2545 1296 2587 corruptionis
1325 2545 1550 2577 resolutorius
1576 2545 1619 2576 ad
1652 2545 1711 2576 fun
1744 2546 1748 2586 Ι
1783 2544 1982 2575 damentum
2009 2554 2107 2585 prae-

725 2690 730 2703 ¹
746 2688 793 2714 vel
807 2704 838 2707 -
853 2689 971 2723 genere]
992 2696 1047 2713 ont.
1062 2688 1092 2713 P.
1112 2703 1144 2706 ——
1166 2688 1176 2702 ⁴²
1195 2696 1248 2713 0111.
1265 2687 1294 2713 P.
1310 2703 1342 2706 ——
1362 2688 1372 2702 ³
1386 2687 1525 2722 specifica
1546 2687 1575 2712 P.
1597 2702 1629 2705 *-
1651 2688 1658 2701 ⁸
1673 2691 1703 2712 ut
1723 2695 1776 2720 per
1795 2686 1888 2720 ipsam
1908 2701 1941 2704 —
1961 2684 2105 2720 potentia]

634 2740 687 2757 om.
708 2732 738 2758 P.
758 2748 791 2751 -
812 2733 822 2747 ⁵
835 2736 864 2758 et
883 2732 951 2758 add,
971 2731 1001 2757 Ρ.
1016 2747 1049 2750 -
1069 2731 1079 2746 ⁶
1093 2740 1147 2757 om.
1168 2731 1198 2757 P.
1219 2747 1251 2750 —
1274 2732 1282 2746 ⁷
1296 2735 1410 2758 mortuo
1425 2730 1550 2765 homine]
1566 2730 1683 2756 homine
1703 2734 1818 2756 mortuo
1837 2729 1868 2756 Ρ.
