2493 3458
664 418 698 442 66
1029 413 1216 440 MAGISTRI
1246 411 1463 439 GODEFRIDI
1493 411 1544 437 DE
1572 410 1768 438 FONTIBUS

666 505 731 536 sibi
756 515 827 536 non
853 503 1086 536 determinans
1114 509 1250 543 tempus
1279 507 1444 543 quantum
1473 500 1517 532 ad
1546 500 1620 532 eius
1648 510 1725 532 esse
1751 500 1895 538 actuale,
1921 499 1999 531 ideo
2025 499 2131 541 prima

666 562 718 594 sui
750 561 970 604 impositione
1003 560 1136 592 videtur
1163 570 1242 591 esse
1274 569 1401 591 nornen
1436 557 1482 589 rei
1518 558 1711 589 secundum
1744 556 1818 589 eius
1850 557 1958 589 esse¹
1998 557 2132 588 actuale

666 619 864 661 simpliciter
894 624 926 650 et
955 629 1016 660 pro
1046 628 1080 649 re
1109 618 1174 648 sul)
1203 616 1258 648 tali
1288 615 1420 648 ratione
1453 614 1563 656 accipi
1589 614 1616 646 si
1646 614 1837 646 secundum
1869 625 1906 646 se
1926 614 1937 630 ²
1968 620 2132 652 servatur,

666 682 806 719 propter
823 676 915 718 quod
937 687 1006 707 non
1026 674 1243 716 praedicatur
1260 673 1459 715 simpliciter
1476 673 1519 704 de
1544 671 1597 704 his
1622 682 1710 713 quae
1736 683 1806 703 non
1832 677 1912 703 sunt
1936 671 2134 712 simpliciter

667 734 700 766 in
734 739 812 766 actu
833 733 852 764 ³.
890 733 990 765 Unde
1019 732 1191 774 phoenice
1210 733 1220 748 ⁴
1250 742 1319 763 non
1348 730 1526 769 existente,
1556 731 1643 762 haec
1671 735 1722 761 est
1756 740 1862 761 vera:
1895 729 2047 771 phoenix
2081 735 2133 760 est

668 791 829 833 phoenix,
859 802 928 821 non
958 797 1071 822 tamen
1102 791 1218 821 haec:
1257 788 1408 830 phoenix
1444 793 1496 819 est
1532 787 1668 826 animal,
1699 786 1764 818 nisi
1800 787 1946 818 addatur
1975 786 2133 828 praeteri-

667 855 736 880 tum
763 849 816 880 vel
842 848 991 880 futurum
1018 847 1090 878 sive
1117 847 1149 878 in
1175 846 1340 888 potentia,
1366 856 1408 877 eo
1438 845 1532 887 quod
1565 844 1715 886 phoenix
1749 850 1801 876 est
1826 854 1952 876 nomen
1978 843 2134 875 animalis

668 906 830 948 temporis
860 904 1074 937 determinati
1107 903 1179 935 sive
1213 903 1391 935 actualiter
1424 913 1502 934 esse
1531 902 1691 934 habentis
1723 908 1854 933 tantum
1888 912 1950 943 pro
1979 908 2134 942 tempore

668 963 906 1001 determinato,
936 962 1059 994 animal
1097 968 1211 993 autem
1241 967 1293 992 est
1328 970 1454 993 nomen
1491 959 1648 991 animalis
1682 958 1847 1000 temporis
1883 958 2134 990 indeterminati

668 1021 740 1053 sive
769 1031 831 1062 pro
861 1030 1080 1061 quocumque
1110 1025 1264 1060 tempore
1284 1017 1296 1035 ⁶
1323 1028 1402 1050 esse
1431 1017 1566 1049 actuale
1591 1016 1760 1048 habentis.
1786 1016 1887 1048 Nunc
1914 1022 2027 1047 autem
2057 1026 2134 1047 cum

668 1079 758 1110 idem
795 1079 837 1109 de
871 1088 907 1109 se
942 1077 1168 1119 praedicetur,
1204 1087 1320 1108 verum
1353 1081 1405 1107 est
1439 1075 1532 1116 quod
1564 1074 1689 1106 animal
1724 1073 1938 1105 determinati
1972 1073 2136 1115 temporis

668 1137 720 1168 vel
745 1146 823 1168 esse
848 1135 982 1166 actuale
1007 1135 1141 1166 habens
1167 1144 1228 1175 pro
1253 1139 1409 1175 tempore
1434 1131 1661 1164 determinato
1691 1137 1742 1163 est
1771 1131 1896 1162 animal
1921 1130 2136 1162 determinati

668 1193 843 1235 temporiS,
877 1192 910 1224 id
939 1198 991 1224 est
1015 1193 1149 1223 liabens
1184 1202 1261 1223 esse
1297 1201 1359 1232 pro
1391 1196 1546 1231 ternpore
1580 1188 1819 1226 determinato,
1850 1198 1919 1219 non
1945 1194 2059 1220 tamen
2085 1193 2137 1220 est

669 1251 794 1283 animal
823 1249 1074 1282 indeterminati
1103 1248 1268 1291 temporis
1300 1254 1333 1280 et
1366 1258 1428 1290 pro
1457 1247 1610 1289 quolibet
1635 1252 1791 1288 tempore
1820 1256 1897 1277 esse
1926 1246 2070 1284 habens,
2103 1251 2136 1277 et

669 1309 718 1341 sie
744 1313 795 1340 est
819 1307 1081 1351 intelligendum
1107 1307 1150 1338 de
1175 1306 1258 1338 aliis.

758 1366 959 1398 Secundum
992 1365 1125 1406 aliquos
1157 1370 1272 1396 tamen
1305 1368 1424 1405 posset
1457 1362 1523 1394 dici
1557 1362 1662 1403 quod,
1692 1361 1770 1393 licet
1803 1360 1947 1393 Socrate
1976 1361 2028 1392 vel
2059 1371 2137 1392 rosa

669 1434 740 1456 non
773 1424 940 1455 existente
973 1433 1038 1455 nec
1070 1433 1147 1454 rosa
1180 1432 1246 1453 nee
1278 1421 1441 1454 Socrates
1475 1421 1600 1452 habeat
1633 1430 1711 1451 esse
1744 1418 1916 1450 essentiae
1953 1418 2041 1450 sicut
2073 1428 2138 1450 nec

670 1493 748 1514 esse
776 1480 976 1513 existentiae
1006 1480 1069 1511 nisi
1099 1480 1133 1511 in
1162 1479 1315 1521 potentia
1340 1479 1391 1510 vel
1417 1478 1608 1510 secundum
1641 1476 1918 1518 praeteritionem
1944 1476 1996 1508 vel
2022 1476 2138 1508 futuri-

669 1540 809 1578 tionem,
827 1539 906 1580 quia
924 1545 1037 1570 tamen
1056 1538 1099 1569 de
1117 1537 1290 1569 intellectu
1307 1535 1318 1552 ⁶
1342 1546 1460 1568 eorum
1486 1541 1565 1566 sunt
1590 1534 1767 1576 superiora
1793 1545 1882 1575 quae
1907 1534 2036 1565 habent
2061 1544 2139 1565 esse

669 1598 703 1630 in
736 1603 814 1629 actu
847 1603 879 1629 et
911 1602 1076 1637 quantum
1111 1595 1153 1626 ad
1183 1605 1260 1626 esse
1289 1593 1462 1626 essentiae
1495 1599 1527 1624 et
1560 1599 1725 1634 quantum
1759 1592 1802 1623 ad
1831 1602 1909 1623 esse
1938 1591 2138 1623 existentiae

670 1655 862 1688 secundum
889 1654 1133 1695 quodcumque
1158 1659 1294 1694 tempu-2
1320 1651 1352 1682 in
1378 1651 1452 1682 aliis
1479 1650 1664 1682 individuis
1687 1650 1740 1681 vel
1764 1649 1948 1691 speciebus
1974 1657 2009 1680 ut
2035 1650 2139 1680 homo

670 1714 704 1746 in
732 1714 874 1744 Platone
900 1718 932 1743 et
957 1717 1081 1744 cetera,
1108 1711 1173 1741 iios
1191 1709 1223 1741 in
1243 1709 1332 1740 viola
1358 1715 1390 1740 et
1415 1715 1540 1746 cetera,
1559 1708 1750 1740 secundum
1777 1708 1845 1739 hoc
1870 1717 1997 1738 nomen
2022 1706 2138 1738 talium

670 1771 886 1813 superiorum
916 1775 967 1801 est
998 1778 1125 1799 nomen
1155 1767 1340 1810 analogum
1370 1767 1413 1798 ad
1442 1765 1520 1797 talia
1549 1765 1650 1797 entia.
1671 1765 1714 1797 Ut
1747 1765 1835 1796 sicut
1858 1775 1986 1796 nomen
2020 1764 2140 1795 indivi-

671 1829 816 1860 duorum
836 1833 888 1859 est
904 1837 1030 1858 nomen
1058 1825 1146 1857 entis
1167 1825 1200 1856 in
1219 1830 1296 1856 actu
1322 1830 1354 1856 et
1380 1824 1413 1855 in
1440 1823 1592 1865 potentia
1619 1829 1719 1864 prout
1744 1822 1823 1853 talia
1848 1828 1928 1853 sunt
1953 1822 2140 1863 aliquando

670 1887 705 1918 in
722 1892 801 1917 actu
819 1884 1005 1926 aliquando
1024 1883 1056 1914 in
1076 1882 1229 1925 potentia
1255 1887 1356 1924 prout
1372 1881 1383 1897 ⁷
1407 1882 1512 1913 homo
1531 1881 1574 1912 ad
1592 1880 1766 1912 hominem
1786 1879 1819 1911 in
1838 1886 1916 1911 actu
1935 1887 1967 1911 et
1985 1879 2140 1920 potentia

671 1949 705 1976 et
720 1944 786 1975 flos
804 1943 847 1974 ad
865 1943 984 1973 florem
1002 1941 1036 1972 in
1055 1947 1133 1972 actu
1159 1946 1192 1971 et
1208 1940 1327 1971 florem
1346 1939 1379 1970 in
1399 1938 1570 1980 potentia:
1590 1938 1669 1970 ideo
1691 1937 1779 1970 sicut
1804 1937 1998 1968 substantia
2017 1937 2141 1969 dicitur

671 2012 734 2034 ens
759 2006 792 2032 et
816 1999 980 2032 accidens
1005 1998 1128 2030 dicitur
1153 2008 1215 2029 ens
1241 1996 1422 2039 analogice
1440 2003 1566 2034 tamen,
1584 1996 1629 2027 ita
1653 1996 1758 2027 homo
1784 1995 1817 2026 in
1843 1994 1997 2036 potentia
2018 1994 2141 2026 dicitur

672 2058 798 2090 animal
827 2063 860 2089 et
887 2067 965 2089 rosa
995 2056 1028 2087 in
1058 2054 1211 2097 potentia
1242 2055 1307 2086 flos
1336 2060 1369 2086 et
1397 2052 1576 2085 similiter⁸
1603 2064 1683 2084 rosa
1711 2053 1744 2084 in
1774 2059 1862 2084 actu.
1890 2052 1931 2084 Et
1955 2052 2034 2084 ideo
2062 2062 2140 2083 cum

671 2116 752 2148 talia
785 2116 932 2157 analoga
960 2113 1213 2155 praedicantur,
1246 2111 1457 2143 verificanda
1489 2117 1569 2142 sunt
1602 2111 1793 2142 secundum
1824 2109 2030 2153 exigentiam
2063 2110 2141 2141 sub-

671 2173 838 2206 iectorum
863 2178 896 2203 et
921 2178 1045 2203 cetera.

760 2232 839 2263 Non
865 2229 1022 2271 intelligit
1047 2239 1130 2271 ergo
1155 2228 1337 2261 Avicenna
1355 2237 1415 2269 per
1433 2237 1473 2258 ea
1491 2236 1580 2267 quae
1597 2225 1755 2267 superius
1780 2231 1860 2256 sunt
1885 2225 2031 2267 allegata
2048 2224 2142 2266 quod

673 2300 751 2322 cum
779 2299 834 2321 res
862 2293 942 2319 nata
970 2286 1142 2319 existere⁹
1170 2286 1203 2317 in
1233 2284 1466 2328 singularibus
1494 2294 1565 2315 non
1597 2283 1709 2315 existit
1738 2283 1771 2314 in
1800 2282 1874 2319 illis,
1905 2282 1997 2323 quod
2027 2288 2142 2314 tamen

672 2346 894 2379 nihilominus
918 2346 1045 2376 habeat
1070 2355 1147 2376 esse
1172 2354 1273 2375 suum
1297 2341 1560 2384 quidditativum
1586 2347 1618 2372 et
1643 2341 1744 2379 reale,
1768 2346 1801 2372 et
1825 2340 1918 2381 quod
1944 2340 2045 2372 etiarn
2064 2349 2142 2371 cum

674 2404 787 2437 existit
811 2415 889 2436 cum
913 2401 1112 2434 huiusmodi
1138 2400 1378 2433 accidentibus
1403 2405 1455 2431 est
1479 2399 1571 2430 aliud
1596 2409 1667 2430 non
1692 2399 1805 2430 solum
1829 2399 1872 2430 ab
1896 2408 1974 2430 esse
1996 2397 2142 2435 illorum,

490 2462 652 2525 fossoldnga
675 2463 737 2495 sed
770 2461 871 2494 etiam
900 2472 919 2492 a
948 2471 1011 2492 suo
1044 2458 1184 2501 proprio
1217 2468 1294 2490 esse
1320 2457 1538 2494 existentiae3
1571 2458 1575 2498 l
1603 2457 1665 2488 sed
1683 2457 1794 2487 solum
1823 2466 1901 2488 cum
1931 2455 2043 2487 existit
2065 2465 2143 2487 cum

764 2617 772 2631 ²
792 2615 854 2642 eius
868 2616 942 2649 esse]
964 2623 1028 2640 esse
1049 2613 1110 2639 eius
1130 2614 1160 2639 P.
1182 2629 1214 2632 —
1229 2613 1239 2628 Β
1252 2621 1318 2638 esse
1332 2612 1362 2638 P.
1377 2628 1409 2631 —
1424 2612 1434 2627 ³
1448 2611 1475 2637 in
1496 2612 1573 2644 actu]
1594 2610 1637 2636 bis
1650 2610 1680 2636 Ρ.
1695 2625 1727 2628 —-
1744 2611 1751 2624 ⁸
1765 2619 1820 2635 om.
1835 2609 1865 2635 P.
1880 2624 1911 2627 —-
1936 2609 1946 2623 ⁵
1959 2616 2144 2643 quocumque

674 2661 816 2694 tempore]
830 2664 963 2693 tempore
980 2665 1164 2692 quocumque
1176 2657 1206 2683 P.
1226 2672 1259 2675 —
1277 2656 1288 2671 ⁶
1298 2655 1437 2682 interiora
1448 2655 1478 2681 P.
1489 2671 1521 2674 —
1536 2655 1544 2670 ⁷
1554 2653 1624 2680 talia
1635 2669 1662 2673 —
1678 2654 1774 2688 prout]
1793 2662 1848 2678 om.
1860 2653 1890 2678 P.
1902 2668 1934 2671 —-
1953 2653 1963 2667 ¹³
1973 2651 2144 2686 simpliciter

674 2712 772 2738 marg.
780 2703 810 2729 P.
821 2718 854 2722 ——
869 2703 879 2718 ⁹
892 2702 1019 2728 existens
1033 2701 1063 2727 P.
