2493 3458
519 1110 583 1137 cod.
594 1110 618 1136 V

490 1146 537 1172 sol.
549 1146 600 1172 253
612 1146 651 1171 Vb

524 1917 587 1944 cod.
601 1917 622 1942 Ρ

494 1953 542 1979 fol.
556 1953 604 1979 137
616 1953 657 1978 Va

674 457 704 482 16
1035 453 1222 480 ΜΑ(ὶ18Ἱ“κΙ
1253 452 1469 479 (jossenum
1501 452 1550 477 DF.
1581 451 1776 477 FoNTlfflts

672 552 752 578 sunt
777 546 820 577 al)
846 545 912 583 illo,
938 545 981 576 ad
1007 544 1105 575 cuius
1130 542 1308 574 scientiam
1337 541 1483 583 pertinet
1508 540 1740 572 consideratio
1766 541 1808 570 ‹h›
1840 540 1915 570 Duo
1945 539 2136 570 secundum

672 615 709 635 se
735 608 768 635 et
793 603 960 634 absolute.

761 661 852 702 Quia
878 671 971 703 ergo,
990 659 1067 691 licet
1092 659 1133 689 «ι(1
1160 657 1383 699 quantitatem
1410 656 1539 687 litterae
1566 656 1659 696 plura
1685 655 1862 686 tradantur
1886 654 2138 694 cognoscibilia

672 719 716 750 de
734 719 809 750 Deo
828 718 892 748 sul)
911 716 1095 759 praedictis
1114 715 1303 747 rationibus
1322 713 1468 755 propriis
1486 724 1587 754 quam
1607 714 1671 743 sul>
1689 712 1781 746 aliis:
1801 712 1880 752 quia
1907 712 1969 743 ista
1995 711 2138 743 scientia

673 776 815 808 traditur
843 774 972 807 homini
1003 780 1037 805 ut
1067 773 1184 804 viatori
1215 779 1247 804 et
1278 779 1311 803 ut
1340 771 1414 802 eius
1442 770 1612 802 adiutorio
1641 770 1785 801 tendat¹
1815 770 1857 800 ud
1892 769 2138 800 beatitudinem

673 832 891 872 aeternam²;
923 831 1003 873 quia
1036 831 1136 862 etiam
1169 830 1339 871 quaedam
1374 827 1625 870 cognoscibilia
1656 828 1835 858 traduntur
1867 827 1910 858 de
1944 826 2019 867 ipso
2052 837 2140 867 quae

673 890 886 923 conveniunt
905 890 979 921 Deo
997 888 1188 920 secundum
1208 887 1241 918 id
1259 887 1351 928 quod
1378 892 1429 917 est
1455 885 1646 917 secundum
1673 897 1709 915 se
1735 891 1767 915 et
1793 885 1959 918 absolute,
1987 890 2021 915 ut
2047 884 2140 924 quod

673 949 782 980 trinus
807 954 840 979 et
865 953 990 985 cetera,
1011 965 1049 969 —
1068 946 1146 977 ideo
1171 945 1271 976 otiam
1298 944 1433 975 videtur
1450 943 1634 974 dicendum
1653 942 1746 983 quod
1767 942 1860 972 Deus
1879 948 1930 973 est
1948 941 2140 972 subiectum

673 1005 870 1046 theologiae
900 1004 1000 1036 etiam
1031 1004 1134 1035 modo
1163 1013 1232 1043 quo
1261 1001 1383 1033 tradita
1412 1007 1464 1032 est
1493 1000 1692 1041 simpliciter
1720 1006 1752 1030 et
1781 999 1937 1030 absolute
1954 1000 1973 1029 ³.
2001 999 2141 1030 Verum-

674 1070 788 1095 tamen
822 1062 1001 1094 sciendum
1031 1067 1082 1093 est
1111 1060 1215 1101 quod,
1244 1059 1322 1091 licet
1353 1059 1447 1090 Deus
1477 1057 1717 1089 consideretur
1745 1057 1777 1088 in
1808 1057 1872 1088 hac
1902 1056 2046 1088 scientia
2078 1057 2142 1087 sul)

675 1121 807 1153 ratione
839 1120 1008 1157 absoluta,
1040 1129 1109 1150 non
1141 1120 1144 1155 Ι
1175 1123 1289 1149 tamen
1324 1122 1375 1147 est
1407 1115 1551 1147 scientia
1585 1114 1715 1146 infinita
1752 1125 1819 1155 qua
1858 1114 1952 1145 Deus
1989 1113 2143 1145 infinitus

675 1177 909 1222 cognoscitur,
927 1177 1015 1208 sicut
1033 1175 1176 1207 scientia
1194 1174 1385 1205 secundum
1405 1183 1506 1214 quam
1527 1173 1621 1203 Deus
1640 1172 1791 1213 seipsum
1819 1171 1986 1202 infinitum
2013 1170 2143 1202 infinite

675 1235 923 1278 apprehendit;
949 1233 1028 1275 quia
1046 1244 1111 1265 nec
1129 1232 1230 1264 etiam
1248 1231 1381 1263 videtur
1399 1242 1417 1261 a
1437 1230 1545 1262 beatis
1564 1236 1598 1260 ut
1617 1240 1735 1260 eorum
1758 1228 1900 1260 scientia
1919 1239 1959 1259 ex
1978 1228 2144 1260 infinitate

676 1294 749 1326 visa
767 1293 809 1325 sit
828 1291 970 1330 infinita,
988 1291 1067 1332 quia
1086 1290 1186 1322 etiam
1205 1300 1244 1321 ex
1272 1295 1366 1330 parte
1393 1287 1580 1319 videntium
1608 1286 1742 1318 videtur
1757 1287 1767 1302 ⁴
1793 1287 1897 1317 modo
1922 1285 2029 1317 finito.
2056 1286 2143 1317 Cum

676 1351 766 1383 enim
796 1356 893 1382 actus
922 1348 1057 1392 agentis
1087 1347 1270 1389 recipiatur
1295 1346 1326 1377 in
1354 1346 1522 1382 subiecto,
1548 1345 1741 1375 secundum
1769 1344 1907 1375 modum
1938 1351 1970 1375 et
1999 1343 2145 1384 disposi-

676 1409 804 1441 tionem
838 1407 924 1439 illius
958 1405 1155 1448 recipientis
1197 1411 1229 1436 et
1263 1415 1332 1435 non
1370 1403 1512 1434 omnino
1545 1402 1738 1433 secundum
1772 1401 1911 1432 modum
1945 1401 2019 1432 eius
2051 1401 2145 1442 quod

677 1466 847 1508 recipitur,
882 1465 977 1496 Deus
1010 1463 1172 1500 infinitus,
1207 1468 1307 1504 prout
1339 1467 1391 1492 est
1423 1460 1597 1491 obiectum
1617 1459 1809 1491 intellectus
1839 1458 1978 1490 increati
2014 1458 2146 1496 infiniti,

678 1529 798 1556 causat
815 1522 1051 1565 cognitionem
1073 1520 1249 1556 infinitam,
1269 1519 1330 1550 sed
1349 1525 1509 1560 respectu
1527 1517 1632 1549 creati
1653 1523 1686 1548 et
1711 1516 1795 1548 liniti
1821 1523 1942 1548 causat
1967 1516 2146 1548 scientiam

677 1581 817 1613 finitam.
844 1580 885 1612 Et
910 1585 961 1612 est
986 1578 1129 1610 scientia
1155 1577 1248 1608 finita
1275 1576 1407 1608 ratione
1432 1575 1576 1607 subiecti
1604 1575 1705 1608 finiti:
1732 1581 1783 1606 est
1808 1581 1921 1605 tamen
1948 1574 1990 1605 de
2009 1573 2147 1605 obiecto

678 1639 821 1670 infinito.
852 1638 887 1669 Si
917 1637 1007 1669 enim
1037 1635 1306 1678 supponendum
1337 1640 1428 1665 esset
1457 1633 1551 1674 quod
1582 1633 1676 1664 Deus
1702 1642 1721 1663 a
1745 1638 1901 1663 creatura
1930 1642 2000 1662 non
2030 1638 2148 1672 posset

678 1695 845 1739 cognosci
874 1694 940 1727 nisi
968 1695 1033 1726 sub
1063 1694 1194 1725 ratione
1223 1692 1328 1729 linita,
1358 1697 1511 1723 cessaret
1540 1690 1726 1721 difficultas
1755 1700 1858 1730 quam
1887 1689 2062 1731 patiuntur
2091 1688 2146 1729 qui

679 1760 813 1797 ponunt
838 1753 932 1795 quod
957 1751 1046 1784 beati
1063 1751 1074 1766 ''
1098 1750 1280 1791 vident[es]
1307 1750 1418 1781 Deum
1446 1748 1579 1779 visione
1605 1754 1723 1789 aperta
1748 1753 1827 1779 actu
1852 1746 1948 1778 finito
1975 1745 2148 1788 potentiae

679 1812 796 1844 finitae
814 1811 987 1843 obiectum
1013 1809 1182 1841 infinitum
1209 1807 1505 1850 apprehendente,
1531 1817 1608 1837 cum
1636 1805 1721 1836 liniti
1747 1805 1790 1836 ad
1816 1804 1984 1836 infinitum
2011 1814 2080 1835 non
2107 1803 2149 1835 sit

680 1869 869 1912 proportio.

769 1927 825 1958 Ad
843 1932 1082 1968 argumentum
1102 1924 1134 1955 in
1154 1923 1353 1965 oppositum
1383 1924 1386 1962 Ι
1415 1928 1467 1953 est
1485 1921 1671 1952 dicendum
1690 1920 1795 1961 quod,
1816 1930 1893 1951 cum
1912 1919 2036 1951 dicitur
2056 1918 2148 1960 quod

680 1991 778 2017 actus
790 1984 982 2016 intellectus
1001 1983 1105 2014 habet
1123 1982 1266 2013 formam
1281 1987 1314 2012 et
1331 1979 1483 2021 speciem
1502 1979 1544 2010 al)
1563 1978 1713 2017 obiecto,
1731 1988 1800 2010 non
1819 1984 1870 2009 est
1888 1977 2149 2019 intelligendum

681 2043 774 2084 quod
800 2042 956 2074 eamdem
983 2040 1135 2082 speciem
1161 2045 1194 2071 et
1218 2039 1362 2070 formam
1379 2037 1505 2069 realem
1523 2037 1652 2068 habeat
1669 2046 1771 2077 quam
1790 2036 1894 2066 hahet
1912 2034 2096 2071 obiectum,
2115 2039 2150 2065 ut

681 2100 842 2132 videlicet
858 2105 955 2131 actus
974 2108 1042 2139 quo
1064 2096 1262 2139 intelligitur
1280 2096 1376 2127 Deus
1394 2095 1436 2126 sit
1454 2105 1533 2126 vere
1551 2100 1584 2125 et
1609 2093 1744 2125 realiter
1768 2093 1864 2124 Deus
1901 2099 1934 2124 et
1959 2098 2056 2124 actus
2081 2102 2150 2133 quo

681 2157 880 2201 intelligitur
912 2156 1080 2188 infinitum
1109 2154 1152 2186 sit
1180 2164 1259 2186 vere
1289 2159 1321 2185 et
1349 2152 1484 2184 realiter
1511 2151 1674 2183 infinitus.
1707 2150 1777 2182 Sed
1809 2156 1861 2182 est
1889 2149 2150 2192 intelligendum

682 2217 775 2258 quod
804 2221 901 2247 actus
930 2212 1145 2255 intelligendi
1175 2218 1227 2244 est
1264 2211 1435 2252 quaedam
1469 2209 1657 2240 similitudo
1696 2214 1838 2240 causata
1866 2208 1909 2239 ab
1939 2207 2088 2245 obiecto,
2119 2212 2152 2238 et

682 2273 875 2306 secundum
893 2271 1126 2303 diversitatem
1145 2269 1358 2301 obiectorum
1377 2273 1564 2299 causantur
1581 2266 1707 2298 diversi
1733 2272 1831 2297 actus
1857 2265 1914 2306 qui
1939 2271 2019 2296 sunt
2043 2264 2152 2296 diver-

683 2342 742 2363 sae
770 2329 1011 2362 similitudines
1040 2328 1173 2360 illorum
1203 2326 1428 2358 obiectorum.
1459 2324 1557 2357 Sicut
1585 2334 1670 2367 ergo
1699 2323 1904 2355 conceditur
1932 2322 2026 2363 quod
2057 2321 2152 2353 intel·

683 2389 793 2420 lectus
811 2387 956 2419 alicuius
973 2385 1157 2429 cognoscit
1175 2385 1298 2420 Deum,
1317 2389 1432 2415 tamen
1459 2393 1519 2424 per
1543 2388 1657 2413 actum
1683 2380 1897 2423 intelligendi
1923 2379 1980 2421 qui
2005 2390 2076 2411 non
2101 2384 2153 2410 est

684 2447 780 2478 Deus
806 2456 871 2477 nec
896 2450 1040 2478 creator.
1066 2443 1128 2475 sed
1153 2448 1205 2474 est
1229 2442 1399 2483 quaedam
1426 2439 1612 2471 similitudo
1638 2438 1700 2470 Dei
1727 2438 1761 2470 in
1778 2438 1954 2470 intellectu
1972 2447 2033 2478 per
2049 2447 2152 2477 quam

684 2504 877 2536 intellectus
906 2503 982 2534 Deo
1000 2501 1147 2533 maxime
1165 2499 1380 2537 assimilatur,
1400 2517 1438 2520 —
1457 2497 1650 2529 secundum
1675 2496 1758 2527 illud
1775 2495 1905 2537 primae
1925 2494 2088 2526 Iohannis
2106 2495 2152 2533 (l)

776 2645 784 2659 ¹
795 2644 838 2669 bis
851 2644 883 2669 V.
895 2659 927 2662 —
940 2643 950 2658 “-”
959 2647 1056 2668 tamen
1067 2641 1170 2667 adem.
1181 2656 1213 2659 —
1224 2641 1234 2655 ³
1245 2639 1332 2666 etiam
1343 2639 1430 2665 modo
1440 2654 1472 2658 -—
1482 2638 1625 2671 absolute]
1637 2646 1691 2663 om.
1704 2637 1733 2663 P.
1743 2652 1776 2655 —
1787 2638 1796 2652 ⁴
1808 2645 1863 2662 om.
1874 2636 1904 2661 P.
1916 2651 1949 2655 —
1961 2636 1970 2650 ⁵
1981 2635 2029 2669 qui
2043 2635 2111 2660 add.
2123 2635 2153 2660 P.

777 2748 815 2778 (ι)
830 2746 880 2776 111,
893 2747 918 2771 2.
