2493 3458
755 412 903 441 PRIMUM
931 415 1225 449 QUODLIBETUM,
1253 416 1287 450 Q.
1313 416 1382 442 XIII
1766 417 1799 443 33

892 660 1130 700 QUAESTIO
1157 660 1241 692 xm.

484 770 590 818 Quis
610 770 769 807 illorum
788 771 962 820 gravius
976 775 1120 820 peccat
1137 772 1207 821 qui
1225 772 1391 809 simulat
1408 773 1660 810 sanctitatem

788 837 891 873 vitae
905 841 1071 886 propter
1089 839 1233 875 bonum
1254 839 1349 875 utile

393 903 452 940 vel
481 903 545 939 ille
573 903 643 953 qui
669 903 835 940 simulat
862 904 1113 940 sanctitatem
1137 908 1304 953 propter
1331 906 1475 942 bonum
1503 906 1740 943 honorabile.

424 1078 551 1109 Postea
580 1078 810 1119 quaerebatur
838 1078 929 1109 aliud
959 1084 1119 1120 respectu
1148 1079 1248 1111 fictae
1276 1080 1356 1111 vel¹
1390 1081 1588 1122 apparentis
1612 1082 1801 1114 sanctitatis

335 1135 495 1167 videlicet
513 1135 589 1176 quis
607 1135 740 1167 illorum
767 1136 907 1178 gravius
929 1142 1053 1177 peccat
1081 1142 1114 1168 et
1131 1137 1227 1178 peior
1252 1142 1304 1169 est
1328 1137 1497 1170 dicendus
1523 1139 1579 1180 qui
1604 1140 1803 1181 hypocrizat

335 1193 388 1224 vel
406 1192 544 1224 simulat
561 1193 779 1225 sanctitatem
797 1193 887 1225 vitae
905 1199 1045 1235 propter
1061 1195 1192 1226 bonum
1210 1194 1292 1227 utile
1308 1200 1345 1226 ut
1360 1194 1371 1212 ²
1387 1195 1547 1228 videlicet
1564 1207 1605 1228 ex
1622 1198 1691 1229 hoc
1708 1198 1802 1239 quod

334 1256 476 1284 sanctus
505 1256 683 1292 reputatur
700 1251 814 1292 aliqua
843 1252 935 1282 bona
960 1251 1161 1293 temporalia
1187 1258 1429 1294 consequatur,
1455 1254 1509 1285 vel
1533 1253 1588 1286 ille
1613 1255 1670 1296 qui
1694 1256 1802 1297 hypo-

334 1307 439 1340 crizat
456 1313 488 1339 et
505 1307 641 1339 simulat
658 1308 875 1340 sanctitatem
894 1314 1035 1350 propter
1051 1310 1182 1340 bonum
1200 1310 1404 1342 honorabile
1425 1316 1461 1342 ut
1484 1311 1643 1344 videlicet
1667 1323 1709 1344 ex
1734 1313 1802 1345 hoc

335 1365 428 1406 quod
461 1370 603 1397 sanctus
636 1371 813 1407 reputatur
845 1367 888 1397 ab
925 1366 1124 1398 hominibus
1157 1367 1353 1399 honoretur.
1387 1367 1429 1399 Et
1468 1370 1676 1412 arguebatur
1707 1370 1801 1411 quod

332 1423 513 1464 hypocrita
539 1423 703 1454 simulans
723 1422 734 1439 ³
758 1423 974 1455 sanctitatem
1000 1424 1090 1455 vitae
1115 1430 1256 1466 propter
1280 1425 1411 1457 bonum
1437 1426 1518 1458 utile
1542 1426 1655 1459 minus
1680 1433 1803 1470 peccet

334 1491 435 1521 quam
453 1480 620 1512 simulans
638 1486 779 1522 propter
796 1481 925 1512 bonum
944 1481 1159 1513 honorabile.
1171 1482 1263 1522 Quia
1280 1483 1473 1515 secundum
1492 1484 1741 1527 Philosophum
1755 1487 1801 1527 (l)

333 1548 428 1569 nono
454 1537 663 1577 Ethicorum,
682 1538 739 1579 qui
764 1538 901 1570 simulat
926 1549 964 1570 se
988 1539 1117 1571 habere
1142 1539 1325 1571 amicitiam
1350 1541 1394 1572 ad
1419 1541 1566 1583 aliquem
1584 1548 1725 1585 propter
1740 1543 1802 1575 vir-

332 1600 449 1634 tutem,
467 1605 546 1627 cum
563 1601 679 1627 tamen
696 1606 768 1627 non
786 1596 838 1628 sic
855 1602 946 1628 amet
963 1597 1025 1628 sed
1050 1597 1187 1628 simulat
1211 1608 1249 1629 se
1274 1598 1324 1630 sic
1349 1609 1473 1638 amare,
1494 1600 1604 1643 magis
1626 1606 1678 1632 est
1702 1611 1802 1633 accu-

333 1653 463 1684 sandus
492 1663 595 1694 quam
624 1653 682 1694 qui
710 1653 917 1685 numismata
938 1654 1147 1696 corrumpit;
1180 1655 1243 1687 sed
1267 1655 1438 1688 numisma
1462 1667 1688 1700 corrumpens
1720 1658 1801 1691 illud

335 1710 523 1752 corrumpit
554 1716 697 1752 propter
728 1712 859 1743 bonum
892 1711 983 1743 utile.
1016 1711 1109 1754 Ergo
1142 1712 1200 1754 qui
1232 1712 1368 1745 simulat
1396 1724 1433 1745 se
1460 1715 1589 1747 habere
1618 1716 1801 1748 amicitiam

333 1767 426 1809 quod
452 1773 504 1799 est
527 1768 655 1800 habere
680 1767 839 1800 virtutem
875 1774 1015 1811 propter
1049 1770 1180 1801 bonum
1206 1770 1309 1802 moris
1334 1771 1388 1803 vel
1412 1772 1604 1805 honestatis
1628 1773 1726 1815 peior
1750 1780 1802 1806 est

333 1836 375 1857 eo
401 1825 458 1867 qui
483 1825 618 1857 simulat
642 1836 680 1857 se
704 1826 833 1858 habere
858 1826 1008 1867 aliquam
1032 1827 1249 1859 sanctitatem
1275 1833 1418 1870 propter
1438 1829 1568 1862 bonum
1593 1831 1685 1863 utile.

421 1883 560 1915 Contra.
575 1883 777 1915 Secundum
795 1883 1045 1926 Philosophum
1061 1887 1106 1925 (2)
1122 1885 1266 1926 quarta*
1279 1885 1478 1918 Ethicorum
1493 1898 1499 1918 τ
1515 1887 1659 1920 iactator
1670 1889 1801 1921 maiora

333 1940 559 1972 existentibus
577 1941 716 1984 fingens
734 1941 844 1984 gratia
867 1941 998 1984 gloriae
1024 1943 1076 1974 vel
1102 1942 1243 1974 honoris
1268 1954 1339 1975 non
1365 1949 1416 1976 est
1436 1945 1535 1977 valde
1556 1945 1800 1988 vituperabilis

333 1998 535 2040 inquantum
569 2000 572 2039 Ι
604 1999 735 2031 scilicet
765 1999 875 2042 gloria
907 2005 939 2031 et
972 2000 1085 2031 honor
1117 2001 1247 2032 habent
1275 2001 1459 2042 quamdam
1493 2002 1693 2036 affinitatem
1723 2015 1800 2037 cum

334 2057 437 2088 rebus
462 2056 618 2088 honestis
644 2061 786 2098 propter
803 2068 889 2098 quas
922 2057 1042 2089 merito
1067 2057 1170 2099 aliqui
1194 2058 1378 2090 laudantur
1405 2065 1439 2091 et
1466 2060 1688 2094 honorantur.
1718 2062 1801 2103 Qui-

334 2124 482 2155 cumque
511 2119 625 2146 autem
654 2114 758 2146 iactat
785 2125 822 2146 se
847 2114 957 2158 gratia
991 2115 1125 2158 argenti
1159 2116 1213 2147 vel
1244 2115 1494 2159 cuiuscumque
1528 2119 1622 2160 quod
1656 2125 1801 2163 argento

423 2270 430 2284 ¹
444 2277 496 2295 seu
516 2269 545 2295 P.
567 2284 599 2288 -—
619 2269 629 2284 ²³
642 2273 671 2295 et
685 2269 715 2296 P.
735 2285 767 2288 —
787 2269 798 2285 ⁸
811 2269 984 2296 assimulans
1002 2270 1032 2298 P.
1048 2286 1080 2289 —
1095 2271 1104 2286 ⁴
1117 2279 1195 2297 nono
1210 2270 1270 2297 PV.

422 2398 460 2427 (1)
481 2397 507 2423 A
517 2397 693 2423 ristotelis
708 2398 883 2423 Ethicorum
897 2398 1171 2429 Nicomacheorum,
1185 2398 1201 2424 l.
1217 2399 1265 2431 IX,
1280 2407 1303 2425 c.
1318 2400 1335 2426 3
1349 2399 1405 2431 (ed.
1417 2400 1540 2434 Bekker,
1555 2402 1611 2429 vol.
1623 2403 1658 2436 ΙΙ,
1672 2413 1699 2438 p.
1711 2405 1799 2438 1165).

332 2437 413 2465 εὈταν
428 2439 473 2471 μὲν
486 2439 530 2465 οὗν
543 2441 686 2475 διαψευσθῇ
700 2449 736 2470 τις
750 2441 793 2466 καὶ
806 2440 928 2476 ὑπολάβῃ
942 2443 1068 2474 φιλεῖσθαι
1086 2441 1127 2466 διὰ
1139 2440 1170 2466 τὸ
1188 2440 1260 2472 ἦθος,
1281 2442 1361 2474 μηθὲν
1379 2445 1497 2469 τοιοῦτον
1516 2443 1616 2471 ἐκείνου
1627 2445 1798 2480 πράττοντος,

334 2480 425 2506 ἑαυτὸν
438 2478 535 2515 αἱτιῷτ’
549 2479 588 2506 ἄν·
607 2481 667 2506 ὅταν
681 2481 755 2507 δ’ὑπὸ
775 2484 821 2513 τῆς
839 2481 939 2507 ἐκείνου
955 2481 1158 2515 προσποιήσεως
1178 2482 1309 2517 ἀπαταθῇ,
1328 2483 1426 2510 δίκαιον
1440 2483 1558 2519 ἐγκαλεῖν
1577 2490 1615 2521 τῷ
1627 2487 1799 2521 ἀπατήσαντι,

334 2522 377 2548 καὶ
391 2523 490 2554 μᾶλλον
508 2521 523 2554 ἢ
536 2525 589 2551 τοῖς
606 2522 636 2547 τὸ
649 2521 765 2554 νόμισμα
781 2522 987 2556 κιβδηλεύουσιν,
1002 2522 1056 2557 ὅσῳ
1074 2524 1133 2556 περὶ
1146 2522 1301 2557 τιμιώτερον
1315 2524 1330 2556 ἡ
1344 2525 1498 2560 κακουργία.
1513 2543 1545 2546 —
1566 2531 1604 2557 (2)
1624 2529 1708 2563 lbid„
1722 2531 1738 2557 l.
1753 2531 1801 2563 IV,

335 2576 358 2594 c.
374 2569 407 2594 13
421 2568 466 2601 [al.
484 2570 523 2601 15]
540 2569 595 2597 (etl.
612 2569 734 2597 Bekker.
749 2578 775 2602 p.
792 2571 878 2595 1127).
899 2566 926 2593 ‘O
945 2568 971 2594 δὲ
992 2569 1073 2600 μειζω
1092 2571 1143 2594 τῶν
1162 2568 1336 2603 ὑπαρχόντων
1354 2570 1580 2603 προσποιούμενος
1600 2573 1710 2604 μηθενὸς
1726 2573 1801 2601 ἕνεκα

334 2609 426 2645 φαύλῳ
439 2610 486 2643 μὲν
499 2610 581 2637 ἐοικεν
594 2610 634 2643 (οὐ
648 2612 698 2646 γὰρ
715 2611 744 2637 ἂν
757 2608 847 2646 ἔχαιρε
864 2615 901 2646 τῷ
915 2612 1020 2645 ψεύδει),
1036 2611 1145 2644 μάταιος
1158 2612 1185 2638 δὲ
1198 2612 1313 2647 φαίνεται
1332 2614 1432 2645 μᾶλλον
1445 2613 1460 2645 ἢ
1474 2614 1564 2644 κακός.
1579 2615 1600 2641 εἰ
1612 2616 1711 2644 δ’ἕνεκά
1722 2627 1799 2649 τινος,

334 2651 348 2676 ὁ
363 2651 408 2683 μὲν
421 2651 496 2683 δόξης
510 2651 524 2683 ἣ
538 2655 615 2684 τιμῆς
629 2651 658 2677 οὐ
672 2652 728 2678 λίαν
742 2652 847 2686 ψεκτός,
862 2653 897 2682 ὡς
910 2652 924 2678 ὁ
938 2652 1051 2684 ἀλαζών,
1066 2653 1079 2678 ὁ
1092 2653 1119 2678 δὲ
1132 2652 1266 2688 ἀργυρίου,
1280 2653 1296 2685 ἢ
1310 2652 1357 2679 ὅσα
1370 2653 1405 2683 εἷς
1418 2654 1549 2690 ἀργύριον,
1561 2656 1798 2694 ἀσχημονέστερος.

1858 1998 1922 2025 cod.
1933 1998 1956 2025 P

1829 2033 1879 2060 fol.
1892 2036 1942 2061 139
1953 2035 1992 2061 Ra
