2493 3458
529 515 592 542 cod.
608 516 629 542 P

490 550 540 578 fol.
555 553 605 578 152
620 552 658 578 Ra

686 434 735 459 176
1048 431 1237 459 MAGISTRI
1268 431 1487 458 GODEFRIDI
1517 431 1568 458 DE
1597 431 1794 459 FONTIBUS

684 534 755 555 non
790 534 852 556 ens
889 525 1081 556 secundum
1117 532 1195 554 esse
1231 522 1442 555 existentiae.
1484 522 1590 553 Immo
1625 521 1740 554 dicere
1773 522 1776 562 Ι
1809 522 1903 564 quod
1938 522 2089 554 essentia
2123 528 2157 554 et

684 592 762 613 esse
787 587 866 613 sunt
888 581 978 613 iclem
1004 592 1049 619 re,
1069 586 1101 613 et
1126 586 1239 612 tamen
1267 592 1303 612 re
1327 591 1398 612 non
1427 585 1507 611 ente
1532 579 1725 611 secundum
1751 590 1829 611 esse
1854 579 2056 612 existentiae
2081 579 2156 622 ipsa

645 639 649 643 “
683 645 798 682 potest
815 650 893 672 esse
918 639 1110 671 secundum
1130 649 1207 670 esse
1225 638 1397 670 essentiae
1416 637 1433 676 ¹,
1452 637 1587 669 videtur
1603 647 1681 669 esse
1706 637 1944 670 contradictio.
1964 637 2000 669 Si
2025 637 2159 670 dicatur

683 697 777 738 quod
818 696 921 728 immo
961 697 995 728 in
1040 696 1114 728 aliis
1154 695 1304 728 relativis
1333 695 1435 728 etiam
1474 695 1524 727 sic
1567 701 1619 727 est
1663 695 1767 736 quod,
1807 705 1885 727 cum
1926 694 2045 727 relatio
2085 705 2156 727 non

684 755 818 787 differat
851 755 986 787 realiter
1025 766 1043 786 a
1085 765 1149 786 suo
1192 754 1431 792 fundamento,
1475 753 1550 795 ipsa
1586 759 1699 795 potest
1744 752 1894 785 deficere
1931 752 2158 785 fundamento

682 818 855 852 manente,
880 819 915 844 ut
944 818 1034 855 patet
1064 812 1097 844 in
1124 811 1223 843 simili
1253 817 1285 843 et
1313 810 1534 843 similitudine
1564 813 1656 847 (nam
1682 810 1869 842 similitudo
1898 810 2038 852 ponitur
2066 810 2157 842 idem

682 881 718 903 re
743 881 821 902 cum
855 870 1025 909 albedine,
1059 876 1092 902 et
1123 875 1236 902 tamen
1265 875 1379 911 potest
1411 868 1570 901 desinere
1602 879 1680 901 esse
1712 867 1831 900 similis
1865 878 2010 900 manens
2035 868 2157 909 albus),

683 934 804 961 contra
832 929 900 960 hoc
935 933 987 960 est
1011 928 1104 969 quod
1134 927 1246 959 omnis
1274 933 1455 968 respectus
1482 925 1733 968 praesupponit
1757 936 1857 957 suum
1895 926 2158 958 fundamentum

683 997 752 1018 una
777 996 854 1018 cum
873 985 1018 1018 termino
1045 996 1122 1017 esse
1140 985 1173 1016 in
1199 985 1360 1023 essendo,
1375 990 1408 1016 et
1433 984 1554 1016 eadem
1582 983 1714 1015 ratione
1739 994 1809 1014 non
1829 994 1907 1015 esse
1928 982 2159 1015 fundamenti²

682 1044 735 1076 vel
764 1043 898 1076 termini
923 1043 956 1075 in
982 1054 1053 1075 non
1070 1042 1080 1059 ³
1104 1043 1265 1075 essendo.
1294 1042 1358 1074 Εἴ*
1390 1042 1470 1074 ideo
1495 1041 1614 1073 similis
1639 1052 1701 1083 per
1725 1041 1918 1073 albedinem
1945 1051 2082 1083 semper
2106 1046 2158 1073 est

681 1101 800 1134 similis
833 1106 994 1133 manente
1019 1100 1179 1133 albedine
1205 1100 1237 1132 in
1265 1100 1341 1142 ipso
1373 1106 1406 1132 et
1431 1099 1587 1131 termino.
1614 1099 1707 1140 Ergo
1733 1098 1884 1130 similiter
1908 1098 1941 1130 in
1966 1098 2158 1140 proposito,

682 1170 760 1192 cum
785 1170 923 1201 semper
947 1164 1084 1191 maneat
1109 1158 1260 1190 essentia
1285 1158 1317 1189 in
1346 1168 1410 1189 suo
1439 1168 1516 1189 esse
1541 1156 1715 1189 essentiali
1741 1162 1903 1198 tanquam
1930 1156 2158 1188 fundamento

682 1223 715 1249 et
746 1228 884 1259 semper
909 1217 1009 1249 etiam
1035 1222 1172 1248 maneat
1198 1216 1293 1247 Deus
1323 1221 1486 1256 tanquam
1518 1214 1694 1252 terminus,
1721 1225 1858 1256 semper
1882 1220 2036 1246 maneret
2066 1224 2155 1246 esse.

682 1275 725 1307 Et
747 1275 792 1307 ita
820 1275 981 1306 videntur
1005 1273 1057 1305 isti
1087 1273 1239 1305 incidere
1265 1273 1298 1304 in
1325 1273 1356 1304 id
1383 1273 1476 1314 quod
1502 1272 1607 1304 vitare
1633 1272 1826 1304 intendunt.
1853 1272 1939 1303 Nam
1973 1277 2158 1314 propterea

682 1344 760 1365 esse
789 1333 908 1365 dicunt
941 1332 1077 1363 differre
1107 1332 1150 1363 ab
1183 1331 1333 1363 essentia
1364 1330 1443 1372 quia
1476 1329 1627 1362 essentia
1663 1335 1778 1372 potest
1810 1340 1959 1369 manere,
1985 1340 2062 1362 esse
2087 1340 2158 1361 non

682 1396 853 1423 manente.
879 1390 975 1421 Alias
1001 1389 1101 1422 etiam
1118 1389 1129 1405 ὓ
1153 1389 1364 1421 declaratum
1391 1394 1442 1420 est
1474 1388 1568 1429 quod
1594 1398 1664 1419 non
1692 1387 1826 1419 videtur
1858 1397 1973 1419 verum
2000 1387 2034 1419 in
2067 1398 2159 1420 crea·

681 1449 765 1481 turis
801 1448 895 1490 quod
938 1447 1058 1480 relatio
1101 1446 1200 1479 realis
1242 1446 1284 1478 sit
1327 1446 1470 1477 omnino
1507 1445 1597 1477 idem
1634 1445 1827 1477 secundum
1864 1456 1934 1477 rem
1979 1455 2056 1477 cum
2093 1456 2158 1477 suo

681 1507 919 1544 fundamento,
945 1505 1043 1538 cuius
1069 1503 1277 1537 contrarium
1304 1503 1357 1535 isti
1383 1503 1512 1542 dicunt,
1531 1509 1566 1535 ut
1591 1513 1632 1535 ex
1654 1502 1754 1535 dictis
1779 1502 1812 1534 in
1841 1514 1960 1535 eorum
1985 1503 2159 1545 positione

683 1569 786 1608 patet.

772 1623 963 1660 Praeterea,
992 1621 1081 1653 sicut
1115 1620 1244 1652 dictum
1276 1626 1327 1651 est
1359 1620 1452 1661 quod
1479 1630 1556 1651 esse
1586 1630 1655 1651 non
1682 1624 1797 1661 potest
1821 1618 1937 1651 dicere
1962 1629 2032 1651 rem
2058 1619 2159 1651 aliam

682 1681 874 1713 absolutam
907 1680 950 1711 ab
976 1679 1137 1717 essentia,
1163 1678 1266 1710 immo
1292 1677 1429 1720 proprie
1455 1688 1520 1709 nec
1545 1677 1645 1708 aliam
1671 1677 1850 1715 rationem,
1883 1676 1972 1709 sicut
1996 1687 2062 1709 nec
2095 1687 2159 1709 ens

682 1743 797 1781 potest
831 1737 946 1770 dicere
979 1737 1078 1768 aliam
1115 1747 1184 1768 rem
1221 1746 1286 1768 nec
1315 1735 1415 1767 aliam
1452 1734 1646 1766 rationem⁶
1681 1735 1725 1766 ab
1758 1745 1970 1776 unoquoque
2003 1735 2046 1766 de
2088 1745 2158 1776 quo

682 1796 910 1839 praedicatur,
936 1795 981 1827 ita
1006 1795 1140 1827 videtur
1167 1794 1261 1836 quod
1287 1805 1357 1825 non
1387 1793 1497 1835 possit
1515 1792 1630 1824 dicere
1660 1798 1854 1834 respectum
1884 1792 2009 1824 realem
2035 1792 2158 1831 alium3

681 1865 762 1886 nam
787 1853 913 1886 etia1n⁷
948 1852 1061 1885 omnis
1093 1858 1273 1894 respectus
1308 1851 1408 1883 realis
1443 1850 1584 1882 nomine
1619 1850 1708 1882 entis
1740 1850 1793 1882 vel
1823 1860 1901 1882 esse
1933 1851 2159 1892 comprehen-

682 1912 781 1944 ditur.
808 1912 906 1944 Sicut
923 1921 1006 1954 ergo
1031 1921 1103 1942 non
1131 1916 1246 1952 potest
1275 1920 1352 1941 esse
1377 1908 1569 1940 substantia
1594 1914 1708 1940 creata
1733 1918 1822 1949 quae
1847 1907 1889 1939 sit
1914 1918 1992 1940 esse
2017 1908 2070 1940 vel
2095 1918 2158 1940 ens

682 1976 815 2002 tantum
854 1980 920 2001 nec
960 1968 1061 2001 etiam
1108 1967 1273 2000 accidens
1313 1967 1520 2004 absolutum,
1565 1966 1611 1997 ita
1656 1976 1726 1997 non
1765 1971 1881 2007 potest
1920 1976 1998 1997 esse
2036 1965 2159 2007 aliquis

682 2033 863 2070 respectus
894 2027 996 2059 realis
1032 2026 1090 2067 qui
1129 2025 1171 2057 sit
1211 2035 1288 2057 esse
1324 2030 1466 2056 tantum.
1503 2024 1573 2056 Sed
1606 2023 1718 2055 omnis
1755 2029 1935 2065 respectus
1970 2023 2071 2055 realis
2107 2029 2160 2055 est

683 2085 894 2129 participans
919 2095 997 2117 esse
1025 2094 1090 2116 suo
1118 2083 1223 2115 modo
1239 2083 1259 2117 ’Ἃ
1289 2089 1322 2114 et
1350 2082 1403 2114 sui
1427 2092 1504 2114 esse
1528 2081 1770 2113 denominatur
1802 2091 1880 2113 esse
1905 2080 1994 2113 sicut
2025 2086 2059 2113 et
2083 2081 2159 2113 alia.

684 2144 782 2176 Sicut
810 2154 894 2186 ergo
931 2142 1046 2174 album
1085 2147 1136 2173 est
1174 2141 1288 2172 album
1318 2139 1479 2172 albedine
1505 2145 1537 2171 et
1561 2139 1704 2170 relatum
1734 2138 1900 2171 relatione
1939 2144 1972 2171 et
2007 2148 2079 2170 non
2108 2144 2161 2171 est

683 2201 859 2239 relatione,
886 2200 931 2232 ita
959 2199 1060 2232 etiam
1090 2198 1202 2231 omnis
1236 2203 1392 2230 creatura
1425 2203 1476 2229 est
1504 2196 1538 2228 id
1566 2197 1660 2238 quod
1689 2202 1742 2228 est
1769 2207 1832 2228 sua
1857 2196 1990 2228 formali
2018 2196 2160 2229 entitate

683 2264 717 2292 et
744 2264 796 2291 est
825 2258 916 2290 aliud
932 2258 943 2274 ¹¹
974 2261 1135 2298 respectu
1163 2255 1245 2287 reali
1269 2254 1412 2297 speciali
1443 2254 1499 2286 tali
1528 2254 1581 2286 vel
1611 2254 1668 2286 tali
1695 2254 1760 2286 sub
1790 2259 1869 2286 ente
1895 2253 1953 2296 qui
1977 2259 2158 2296 respectus

684 2317 786 2349 etiam
819 2322 871 2348 est
902 2326 964 2347 sua
998 2313 1131 2346 formali
1166 2313 1308 2345 entitate
1347 2323 1389 2344 eo
1429 2312 1534 2343 modo
1567 2322 1636 2353 quo
1676 2311 1861 2343 relationes
1900 2312 2030 2343 habent
2069 2321 2159 2343 esse.

685 2373 854 2416 Quamvis
890 2383 974 2415 ergo
1023 2371 1135 2404 omnis
1183 2377 1340 2403 creatura
1377 2375 1413 2401 ut
1453 2375 1505 2402 est
1544 2369 1689 2401 effectus
1732 2369 1797 2401 Dei
1840 2369 1969 2401 habeat
2011 2368 2160 2410 aliquem

684 2438 880 2474 respectum
906 2431 1031 2463 realem
1059 2430 1103 2461 ad
1127 2429 1251 2471 ipsum,
1273 2428 1483 2469 quicumque
1500 2427 1543 2459 sit
1567 2427 1622 2459 ille
1647 2427 1719 2458 sive
1740 2426 1870 2459 creatio
1894 2426 2033 2468 passive
2057 2425 2160 2466 dieta,

684 2490 757 2522 sive
775 2489 877 2528 aliud,
906 2499 977 2520 non
1005 2487 1140 2519 videtur
1167 2487 1262 2527 quod
1287 2484 1485 2517 huiusmodi
1511 2490 1691 2526 respectus
1709 2484 1819 2526 possit
1839 2483 1907 2516 dici
1932 2483 2044 2526 ipsum
2070 2494 2158 2516 esse.

685 2549 792 2580 Immo
811 2547 833 2564 ¹⁰
868 2557 946 2579 esse
978 2545 1113 2577 videtur
1144 2542 1382 2586 praesupponi
1414 2542 1576 2574 omnibus
1608 2542 1681 2573 aliis
1714 2542 1747 2573 in
1785 2542 1900 2583 aliquo
1932 2541 2159 2573 existentibus

776 2691 783 2704 ¹
798 2689 861 2723 ipsa
876 2704 908 2708 —
922 2687 1078 2720 essentiae}
1099 2695 1154 2712 om.
1169 2686 1199 2711 P.
1220 2701 1251 2704 —-
1273 2685 1282 2699 Ξ
1296 2684 1515 2710 fundamentum
1536 2684 1566 2709 P.
1588 2699 1620 2702 —
1640 2684 1651 2698 ²³
1664 2683 1692 2709 in
1712 2684 1780 2717 non]
1800 2692 1858 2709 non
1885 2682 1913 2708 in
1934 2683 1963 2708 P.
1984 2698 2016 2701 —
2037 2683 2046 2697 ⁴
2060 2691 2114 2708 om.
2128 2682 2160 2708 P.

686 2749 719 2752 —
740 2734 749 2748 ⁵
763 2737 859 2759 autem
874 2732 903 2758 P.
919 2747 951 2750 —
966 2731 976 2746 ⁰
989 2731 1064 2757 sicut
1086 2746 1116 2749 ——
1131 2729 1283 2761 rationem]
1299 2737 1353 2754 om.
1368 2727 1397 2753 P.
1419 2743 1451 2746 -—
1474 2728 1481 2742 ³
1495 2732 1523 2753 et
1544 2727 1576 2753 V.
1597 2742 1630 2746 —
1651 2727 1661 2742 ⁵
1674 2735 1728 2753 om.
1744 2727 1774 2753 P.
1790 2742 1822 2745 —
1837 2727 1847 2742 ⁹
1861 2726 1904 2752 bis
1917 2727 1950 2752 V.
1965 2742 1998 2745 —
2015 2726 2034 2741 ¹⁰
2047 2726 2114 2752 ideo
2128 2726 2159 2753 P.
