2493 3458
859 835 1515 903 QUODLIBETUM
1578 838 1980 892 TERTIUM

1276 1057 1375 1097 52th
1382 1057 1494 1089 ESTI(
1509 1061 1517 1086 )
1556 1058 1564 1088 l

1340 1135 1498 1170 (Longa).

762 1253 902 1290 Uirum
943 1255 1128 1289 creatura
1165 1252 1292 1300 possit
1329 1252 1412 1288 dici
1449 1266 1518 1289 cns
1559 1253 1711 1289 sallom·
1748 1267 1846 1289 suae
1883 1254 2085 1298 essentiae,

824 1332 913 1355 (tum
947 1319 1033 1367 ipsa
1065 1322 1120 1355 es!
1151 1333 1226 1355 11011
1259 1333 1327 1355 cns
1358 1322 1552 1368 ‹suunlum
1584 1320 1638 1356 ad
1666 1334 1747 1356 csse
1776 1321 2016 1357 ‹nvi-slenlinc.

775 1492 809 1523 ln
848 1491 1083 1533 disputatione
1113 1498 1231 1523 nostra
1264 1492 1306 1523 de
1348 1491 1500 1533 quolibet
1540 1492 1630 1523 circa
1671 1498 1846 1523 creaturas
1887 1498 2018 1524 tantum
2060 1493 2158 1535 plura

685 1550 948 1591 quaerebantur.
969 1550 1070 1581 Circa
1099 1555 1186 1591 quas
1212 1550 1467 1592 quaerebantur
1487 1550 1657 1590 quaedam
1684 1550 1889 1591 pertinentia
1914 1551 1957 1582 ad
1983 1557 2158 1582 creaturas

684 1607 718 1638 in
744 1607 897 1649 generali
927 1613 959 1639 et
988 1608 1157 1649 quaedam
1186 1607 1394 1649 pertinentia
1420 1608 1462 1638 ad
1489 1614 1663 1639 creaturas
1691 1607 1722 1639 in
1753 1607 1904 1649 speciali.
1934 1608 2036 1640 Circa
2065 1619 2157 1640 crea-

684 1670 778 1696 turas
815 1665 848 1696 in
884 1665 1037 1707 generali
1075 1665 1331 1706 quaerebantur
1367 1666 1437 1696 duo
1474 1665 1680 1707 pertinentia
1718 1666 1761 1696 ad
1792 1665 1885 1707 ipsas
1914 1672 2080 1707 quantum
2113 1666 2156 1697 ad

684 1733 763 1754 esse
790 1728 822 1755 et
851 1723 1038 1755 essentiam
1074 1723 1224 1765 ipsarum
1263 1723 1307 1754 ad
1336 1723 1482 1755 invicem
1517 1729 1727 1765 comparata.
1758 1723 1907 1754 Primum
1947 1730 2017 1755 erat
2046 1730 2156 1755 utrum

684 1785 840 1817 creatura
876 1781 986 1822 possit
1023 1781 1091 1813 dici
1124 1792 1187 1813 ens
1225 1792 1342 1812 verum
1380 1787 1413 1812 et
1448 1781 1539 1812 reale
1568 1780 1699 1812 ratione
1733 1791 1817 1812 suae
1857 1781 2040 1820 essentiae,
2079 1791 2156 1813 cum

684 1837 761 1884 ipsa
788 1844 840 1870 est
864 1839 960 1870 non¹
993 1850 1056 1871 ens
1085 1844 1250 1880 quantum
1284 1839 1327 1870 ad
1357 1850 1434 1871 esse
1464 1838 1678 1870 existentiae.
1713 1838 1914 1871 Secundum
1945 1845 2016 1870 erat
2045 1845 2156 1870 utrum

683 1895 720 1931 in
743 1896 919 1933 creatione
946 1903 1123 1929 creaturae
1152 1896 1246 1938 prius
1272 1903 1406 1928 creetur
1431 1896 1505 1938 ipsa
1535 1896 1686 1928 essentia
1711 1907 1813 1938 quam
1841 1898 1952 1938 ipsum
1979 1908 2067 1928 esse.

773 1953 874 1987 Circa
914 1954 1059 1996 primum
1100 1954 1150 1986 sic
1191 1955 1455 1996 procedebatur.
1497 1960 1530 1986 et
1579 1954 1828 1986 ostendebatur
1867 1955 1962 1995 quod
2002 1960 2158 1986 creatura

679 2012 794 2054 ‘possit
822 2012 889 2044 dici
925 2023 1003 2044 esse
1038 2012 1177 2054 aliquod
1216 2023 1278 2044 ens
1316 2023 1435 2044 verum
1470 2012 1560 2043 reale
1597 2012 1728 2044 ratione
1765 2022 1849 2044 suae
1884 2012 2057 2044 essentiae
2085 2012 2158 2044 sive

681 2076 850 2113 quantum
879 2071 923 2102 ad
956 2080 1034 2102 esse
1067 2069 1251 2108 essentiae,
1285 2080 1362 2101 cum
1398 2069 1473 2111 ipsa
1511 2076 1563 2101 est
1592 2080 1662 2101 non
1698 2080 1761 2101 ens
1800 2076 1966 2111 quantum
1999 2070 2043 2101 ad
2080 2080 2157 2102 esse

684 2128 896 2167 existentiae,
926 2128 1005 2170 quia
1033 2128 1152 2159 relatio
1182 2127 1282 2159 realis
1309 2138 1379 2159 non
1407 2128 1511 2159 habet
1539 2138 1616 2159 esse
1658 2127 1723 2158 nisi
1757 2127 1789 2158 in
1820 2138 1862 2159 eo
1891 2128 1985 2169 quod
2014 2133 2066 2159 est
2094 2139 2157 2159 ens

684 2197 802 2218 verum
837 2187 938 2225 reale,
968 2186 1047 2228 quia
1087 2185 1206 2217 relatio
1244 2185 1344 2217 realis
1378 2185 1518 2227 requirit
1547 2185 1810 2217 fundamentum
1838 2186 1939 2217 reale.
1977 2186 2048 2218 Sed
2079 2196 2156 2218 cum

685 2244 780 2276 Deus
799 2255 836 2277 se
853 2245 980 2276 habeat
997 2250 1157 2286 respectu
1175 2249 1353 2275 creaturae
1371 2243 1405 2275 in
1431 2243 1563 2275 ratione
1592 2254 1720 2275 causae
1739 2243 1917 2275 efficientis
1943 2250 1976 2276 et
1995 2243 2156 2283 formalis,

684 2310 717 2334 et
743 2302 777 2333 in
807 2302 939 2334 ratione
968 2312 1095 2334 causae
1124 2301 1305 2333 efficientis
1334 2312 1372 2333 se
1397 2301 1501 2333 habet
1528 2308 1689 2343 respectu
1722 2308 1901 2334 creaturae
1930 2301 1963 2333 in
1989 2307 2155 2343 quantum

684 2365 841 2393 creatura
869 2360 974 2392 habet
1006 2360 1050 2391 ab
1083 2359 1160 2401 ipso
1189 2370 1267 2391 esse
1297 2359 1510 2397 existentiae,
1540 2358 1574 2390 in
1612 2359 1745 2391 ratione
1773 2369 1900 2391 causae
1930 2359 2081 2391 formalis
2119 2370 2156 2391 se

683 2418 788 2450 habet
814 2424 975 2460 respectu
1002 2422 1179 2450 creaturae
1203 2417 1236 2448 in
1258 2423 1425 2458 quantum
1451 2422 1608 2448 creatura
1634 2417 1739 2448 habet
1766 2417 1808 2448 ab
1833 2417 1910 2458 ipso
1935 2427 2013 2449 esse
2039 2427 2155 2449 essen-

684 2476 761 2515 tiae,
780 2495 820 2499 —
846 2476 889 2507 ab
915 2481 1056 2507 aeterno
1086 2481 1200 2506 autem
1225 2485 1262 2506 se
1290 2475 1394 2506 habet
1415 2474 1447 2506 in
1467 2474 1600 2506 ratione
1625 2485 1753 2506 causae
1778 2474 1932 2506 formalis
1950 2475 2155 2517 exemplaris

684 2544 762 2565 cum
802 2536 836 2565 in
871 2533 948 2576 ipso
985 2533 1203 2565 aeternaliter
1231 2532 1299 2564 sint
1335 2532 1487 2564 rationes
1522 2532 1654 2564 ideales
1683 2538 1716 2564 et
1753 2533 1968 2574 exemplares
2001 2532 2155 2564 omnium

683 2591 909 2623 essentiarum
935 2597 1177 2630 creaturarum,
1203 2591 1265 2622 sed
1290 2601 1331 2622 ex
1356 2596 1522 2632 tempore,
1539 2590 1670 2621 scilicet
1691 2600 1768 2621 cum
1794 2596 1949 2622 creatura
1975 2590 2154 2622 actualiter

774 2734 839 2759 ¹est
860 2734 927 2768 non]
948 2742 1002 2759 om.
1023 2733 1053 2759 P.
