2493 3458
625 416 677 454 ³1¹⁸
991 410 1180 438 MAGlS'rm
1210 409 1429 438 GODEme
1460 409 1510 436 DE
1540 408 1737 436 FONTIBUS

1116 588 1428 647 ..QUAESTIO
1466 611 1551 638 XIX

1277 691 1440 718 (name).
1512 674 1516 681 ”

737 789 845 816 Utrum
867 788 1024 823 religiosus
1043 787 1096 823 qui
1102 783 1193 814 ⁴“vom't
1212 787 1346 813 oboedire
1361 785 1501 822 praelato
1520 787 1659 812 teneatur
1676 786 1780 810 contra
1799 785 1989 819 praeceplum

781 837 917 874 praelati
935 837 1015 864 exire
1033 837 1198 863 claustrum
1219 836 1260 862 ad
1277 835 1508 862 subveniendum
1529 833 1697 860 necessitati
1710 835 1873 869 parentum
1888 834 1936 864 (l).

715 971 762 998 Ad
787 970 903 998 tertium
929 970 971 997 sic
999 969 1176 1005 proceditur,
1202 973 1231 995 et
1256 968 1386 1003 arguitur
1405 968 1485 1004 quod
1511 967 1578 994 talis
1600 967 1755 1001 religiosus
1780 975 1839 993 non
1862 970 1996 993 teneatur
2019 965 2099 992 exire

628 1020 784 1048 claustrum
817 1028 870 1055 pro
902 1015 1096 1045 sumventu‘one
1127 1017 1219 1054 patris
1251 1022 1351 1044 contra
1383 1021 1572 1053 praeceptum
1606 1016 1737 1052 praelati.
1767 1015 1844 1050 Quia
1864 1015 1983 1042 nullus¹
2012 1014 2102 1040 debet

628 1070 727 1096 facere
755 1073 855 1096 contra
885 1072 991 1099 votum,
1017 1076 1082 1094 curn
1109 1066 1232 1093 reddere
1265 1066 1343 1101 quod
1372 1066 1437 1101 quis
1463 1066 1551 1092 debet
1565 1066 1584 1098 “,
1613 1065 1650 1092 sit
1674 1064 1872 1091 necessarium
1903 1064 1940 1090 ad
1968 1063 2101 1090 salutem.

627 1118 688 1145 Sed
709 1117 774 1145 talis
798 1117 879 1144 vovit
899 1116 1117 1143 oboedientiam
1139 1115 1280 1150 praelato.
1310 1115 1388 1150 Ergo
1407 1123 1466 1141 non
1487 1115 1575 1142 debet
1596 1114 1694 1141 facere
1713 1118 1816 1141 contra
1836 1113 1923 1140 talem
1943 1111 2117 1139 oboedien-'

629 1167 697 1194 tiam
718 1166 853 1193 exeundo
874 1166 1031 1192 claustrum
1052 1169 1154 1191 contra
1174 1167 1363 1199 praeceptum
1385 1163 1516 1199 praelati.

717 1216 836 1242 Contra.
851 1214 898 1241 Ad
912 1213 1141 1240 subveniendum
1163 1212 1237 1248 patri
1258 1217 1373 1239 tenetur
1393 1221 1427 1238 ex
1448 1218 1609 1247 praecepto
1630 1211 1738 1238 divino.
1752 1211 1812 1238 Sed
1827 1211 1863 1238 ad
1883 1210 2102 1238 oboedientiam

629 1273 686 1291 non
713 1268 828 1291 tenetur
852 1263 906 1289 nisi
933 1272 969 1289 ex
990 1262 1107 1298 propria
1131 1261 1283 1288 electione.
1312 1260 1372 1287 Sed
1397 1261 1463 1296 plus
1489 1265 1603 1287 tenetur
1629 1259 1776 1296 quilibet⁸
1799 1259 1837 1286 ad
1863 1259 1933 1286 illud
1960 1259 1996 1286 ad
2023 1259 2102 1295 quod

629 1318 743 1340 tenetur
769 1322 803 1339 ex
830 1316 990 1348 praecepto
1017 1310 1116 1337 divino
1143 1319 1228 1345 quam
1249 1309 1286 1336 ad
1314 1309 1384 1336 illud
1411 1309 1447 1336 ad
1475 1309 1553 1345 quod
1578 1313 1694 1336 tenetur
1718 1317 1753 1335 ex
1780 1309 1925 1335 electione
1952 1308 2070 1344 propria
2084 1310 2102 1335 ⁴.

631 1363 708 1398 Ergo
728 1366 757 1388 et
777 1353 883 1388 cetera.

718 1409 895 1445 Respondeo
923 1408 1078 1435 dicendum
1106 1407 1185 1443 quod
1215 1407 1369 1442 religiosus
1395 1411 1497 1433 contra
1526 1411 1715 1442 praeceptum
1741 1405 1864 1442 praelati
1890 1410 2006 1432 tenetur
2024 1405 2103 1432 exire

630 1458 789 1486 claustrum
822 1458 859 1485 ad
892 1456 1123 1484 subveniendum
1155 1455 1231 1491 patri
1263 1455 1287 1481 si
1320 1456 1444 1491 potest⁸
1474 1455 1608 1482 exeundo
1640 1454 1806 1487 subvenire,
1837 1463 1895 1481 non
1924 1458 2035 1481 tantum
2072 1458 2104 1480 ut

631 1507 786 1535 subveniat
800 1507 854 1534 sibi
880 1507 908 1533 in
928 1511 1058 1533 extrema
1078 1504 1264 1535 necessitate,
1284 1504 1336 1531 sed
1356 1509 1386 1530 ut
1407 1504 1494 1531 etiam
1514 1503 1668 1530 subveniat
1688 1503 1714 1530 ei
1728 1504 1739 1519 ⁶
1757 1503 1918 1530 secundum
1938 1502 2102 1530 decentiam

631 1561 725 1584 status
744 1555 796 1583 sui.

719 1605 754 1631 Et
774 1605 829 1631 boc
856 1603 1018 1630 ostenditur
1038 1603 1088 1630 sic.
1109 1602 1186 1637 Quia
1206 1602 1407 1637 unusquisque
1427 1601 1522 1636 magis
1541 1606 1656 1628 tenetur
1675 1601 1712 1627 ad
1741 1609 1776 1627 ea
1797 1600 1834 1627 ad
1860 1609 1936 1636 quae
1956 1600 2104 1635 obligatur

629 1664 664 1681 ex
685 1658 845 1690 praecepto
866 1653 965 1679 divino
986 1661 1072 1688 quam
1096 1651 1132 1678 ad
1155 1660 1190 1678 ea
1213 1651 1250 1677 ad
1273 1659 1348 1686 quae
1372 1650 1519 1686 obligatur
1540 1658 1576 1677 ex
1597 1654 1676 1683 voto,
1690 1650 1758 1685 quia
1778 1654 1876 1676 votum
1900 1658 1958 1676 non
1978 1649 2104 1676 absolvit

628 1703 774 1730 hominem
803 1711 819 1728 a
845 1705 1015 1738 praecepto,
1035 1709 1100 1728 cum
1122 1704 1190 1727 vota
1214 1708 1288 1735 quae
1316 1704 1383 1726 sunt
1409 1699 1446 1726 de
1466 1699 1511 1725 his
1535 1699 1633 1734 quae⁷
1661 1698 1807 1734 pertinent
1827 1698 1864 1725 ad
1883 1698 2014 1731 consilia,
2033 1698 2104 1724 fiant

629 1758 750 1788 propter
775 1750 980 1787 perfectiorem
1013 1749 1211 1785 impletionem
1240 1753 1475 1784 praeceptorum.
1504 1747 1563 1774 Sed
1592 1747 1715 1783 quilibet
1746 1756 1781 1774 ex
1813 1751 1973 1783 praecepto
2004 1746 2104 1774 divino

629 1800 745 1828 tenetur
775 1799 931 1827 subvenire
963 1799 1041 1834 patri
1070 1807 1127 1825 non
1159 1798 1252 1824 solum
1285 1797 1312 1824 in
1344 1801 1472 1824 extrema
1511 1796 1696 1829 necessitate,
1733 1796 1787 1822 sed
1818 1795 1904 1822 etiarn
1943 1796 2104 1823 secundum

630 1849 795 1876 decentiam
824 1849 867 1875 sui
897 1852 989 1875 status
1010 1847 1082 1874 citra
1102 1851 1261 1874 extremam
1281 1845 1497 1873 necessitatem.
1524 1845 1570 1872 Ad
1603 1845 1821 1872 oboediendum
1842 1849 1938 1871 autem
1970 1845 2103 1880 praelato

630 1898 658 1924 in
679 1896 873 1924 observantiis
892 1895 1043 1930 religionis
1068 1903 1127 1921 non
1153 1898 1269 1921 tenetur
1296 1893 1351 1920 nisi
1372 1902 1406 1920 ex
1435 1897 1513 1920 voto.
1540 1893 1618 1928 Ergo
1643 1897 1672 1919 et
1691 1897 1798 1920 cetera.
1817 1909 1850 1914 —
1871 1893 1964 1919 Maior
1989 1892 2104 1919 videtur

629 1945 803 1976 manifesta;
835 1945 928 1971 minor
960 1944 1110 1980 probatur,
1141 1943 1209 1978 quia
1244 1942 1366 1978 quilibet
1398 1942 1493 1977 magis
1519 1946 1634 1968 tenetur
1664 1942 1739 1977 patri
1769 1946 1800 1968 ut
1829 1946 1873 1968 est
1903 1946 1988 1977 pater
2016 1950 2102 1976 quam

630 1999 763 2021 teneatur
791 1993 839 2020 alii
869 1998 1008 2020 extraneo
1039 1997 1070 2019 ut
1099 1996 1143 2019 est
1172 1991 1331 2027 proximus.
1360 1991 1419 2017 Sed
1452 1990 1574 2026 quilibet
1603 1999 1639 2017 ex
1671 1994 1832 2026 praecepto
1856 1989 1956 2016 divino
1988 1994 2104 2016 tenetur

630 2043 806 2077 [subvenire]
828 2043 854 2069 in
881 2046 1011 2069 extrema
1031 2040 1208 2068 necessitate
1236 2039 1393 2066 subvenire
1419 2040 1594 2074 cuicumque
1622 2043 1762 2066 extraneo
1790 2043 1822 2065 ut
1846 2043 1892 2066 est
1922 2039 2072 2074 proximus
2085 2039 2103 2065 Β.

630 2093 707 2127 Ergo
736 2092 810 2127 patri
832 2091 877 2118 cui
897 2094 1012 2117 tenetur
1039 2090 1114 2125 plus,
1133 2093 1249 2116 tenetur
1275 2088 1431 2115 subvenire
1463 2089 1535 2115 citra
1555 2093 1714 2114 extremam
1745 2087 1952 2114 necessitatem
1977 2087 2007 2114 in
2037 2087 2106 2114 eis’

630 2149 705 2176 quae
725 2144 791 2167 sunt
814 2138 981 2166 necessaria
1001 2139 1038 2165 ad
1064 2137 1230 2165 decentiam
1248 2138 1268 2152 '⁰
1298 2141 1392 2163 status
1420 2137 1462 2163 sui
1479 2138 1508 2169 ¹¹,
1534 2137 1574 2164 ita
1602 2136 1681 2171 quod
1709 2136 1785 2163 sicut
1809 2135 1964 2171 religiosus
1989 2140 2105 2163 tenetur

629 2189 785 2216 subvenire
805 2188 978 2223 cuicumque
997 2192 1136 2214 extraneo
1156 2186 1185 2212 in
1205 2190 1334 2213 extrema
1347 2185 1525 2212 necessitate
1539 2185 1675 2212 existenti
1689 2185 1777 2212 etiam
1793 2189 1895 2211 contra
1913 2190 2103 2220 praeceptum

628 2238 761 2273 praelati,
781 2237 820 2264 ita
840 2237 928 2264 etiam
944 2237 964 2252 ¹³
992 2240 1108 2263 tenetur
1127 2234 1283 2262 subvenire
1303 2234 1378 2270 patri
1398 2234 1471 2261 citra
1490 2233 1697 2261 necessitatem
1722 2238 1883 2260 extremam
1908 2233 1998 2260 modo
2020 2242 2104 2270 prae-

629 2285 708 2314 dicto
728 2290 830 2313 contra
849 2289 1040 2320 praeceptum
1059 2275 1182 2320 praelati
1198 2284 1226 2310 ¹²³.

717 2335 750 2362 Si
777 2334 891 2361 dicatur
918 2338 1019 2361 contra
1050 2333 1107 2360 hoc
1132 2332 1211 2368 quod
1243 2332 1308 2367 plus
1339 2331 1452 2367 obligat
1481 2335 1582 2358 votum
1615 2340 1702 2366 quam
1733 2336 1923 2367 praeceptum
1955 2331 2104 2358 secundae

629 2384 757 2416 tabulae,
777 2392 842 2410 cum
865 2387 965 2409 votum
984 2382 1130 2417 pertineat
1155 2381 1192 2408 ad
1211 2381 1336 2417 primam
1361 2381 1492 2407 tabulam
1511 2381 1574 2407 sive
1594 2380 1632 2407 ad
1652 2384 1813 2416 praecepta
1841 2380 1952 2415 primae
1977 2380 2104 2413 tabulae,

719 2517 820 2557 {nullo
839 2515 928 2543 modo
949 2515 982 2543 C.
1002 2531 1035 2535 ——
1057 2515 1067 2530 ²
1079 2514 1121 2542 sic
1141 2514 1223 2541 vovit
1243 2513 1275 2541 C.
1296 2530 1329 2533 —
1348 2514 1360 2530 ³
1373 2513 1512 2549 quislibet
1531 2513 1564 2540 C.
1583 2529 1608 2533 —-
1637 2515 1646 2529 ⁴
1661 2513 1807 2554 electione
1831 2513 1959 2549 propria]
1984 2513 2104 2548 propria

629 2557 775 2597 electione
795 2560 827 2587 C.
847 2576 881 2580 —
901 2560 911 2575 ⁵
923 2559 948 2586 si
967 2560 1075 2597 potest]
1095 2567 1151 2596 opn.
1172 2557 1204 2585 C.
1224 2556 1265 2577 —‘
1277 2558 1293 2596 ⁰-
1301 2558 1357 2584 sibi
1377 2557 1410 2585 C.
1431 2574 1464 2577 —
1478 2558 1494 2594 >⁷
1507 2557 1536 2584 in
1557 2557 1589 2584 C.
1611 2553 1644 2577 —'
1664 2557 1675 2572 ⁸
1687 2557 1740 2584 sed
1759 2552 1930 2592 quilibet—
1942 2557 2103 2592 proximus]

626 2603 737 2631 omsc.
757 2620 789 2623 —
810 2603 878 2630 ⁹his
898 2603 930 2630 C.
950 2619 984 2622 —
1005 2604 1026 2618 ¹⁰
1039 2602 1130 2638 patris
1149 2602 1218 2628 add.
1239 2602 1271 2628 C.
1291 2617 1325 2621 —-
1347 2603 1366 2631 Η,
1381 2601 1489 2644 anC.
1509 2617 1542 2620 —
1564 2596 1586 2617 u*
1598 2609 1652 2627 om.
1673 2600 1706 2627 C.
1727 2616 1760 2622 --
1775 2601 1796 2616 ¹⁸
1809 2605 1839 2641 et
1851 2600 1920 2641 qdd.
1935 2599 1968 2639 C.
2010 2627 2013 2629 ,

718 2707 757 2738 (1)
777 2703 836 2732 Cfr.
855 2713 905 2740 pp.
925 2705 1050 2731 291-294.
