2493 3458
683 418 716 441 :52
1046 414 1234 442 MAGISTRI
1266 415 1481 441 GODEFRIDI
1514 415 1562 441 DE
1593 414 1788 442 FONTIBUS

683 514 723 536 ex
752 504 830 542 hoc,
858 510 890 536 et
919 504 968 536 sic
993 504 1150 536 infidelis.
1177 504 1244 545 Qui
1276 510 1389 535 autem
1422 515 1492 535 non
1525 505 1595 536 vult
1626 505 1791 546 baptizari
1826 515 2001 546 nunquam
2035 505 2150 536 huius-

682 561 775 593 modi
800 561 889 593 viam
915 561 1062 594 iustitiae
1088 562 1241 603 agnovit,
1261 568 1293 593 et
1318 561 1368 593 sic
1394 572 1458 593 nec
1484 562 1527 592 al)
1552 572 1593 593 ea
1618 562 1812 593 retrocedit.
1832 562 1949 602 Quare
1974 569 2007 594 et
2025 569 2148 594 cetera.

770 619 980 660 Respondeo
1005 619 1190 651 dicendum
1212 620 1316 660 quod,
1338 630 1414 650 cum
1443 619 1633 650 secundum
1653 619 1887 661 Augustinum
1903 622 1949 659 (1)
1968 626 2149 661 peccatum

681 676 724 707 sit
748 676 886 715 dictum,
913 677 964 708 vel
990 677 1129 714 sactum,
1156 677 1208 707 vel
1234 676 1456 717 concupitum
1483 682 1603 707 contra
1628 677 1739 717 legem
1766 682 1951 715 aeternam,
1970 677 2030 708 id¹
2055 677 2149 718 quod

682 733 871 775 principale
889 740 921 766 et
946 734 1039 775 quod
1065 734 1205 765 formah·
1231 740 1283 765 est
1307 733 1339 764 in
1367 740 1511 775 peccato
1537 740 1588 765 est
1617 739 1847 775 contemptus,
1878 734 2008 776 reliqua
2036 742 2149 766 autem

681 796 761 822 sunt
786 791 981 822 materialia.
1010 792 1152 832 Propter
1176 791 1280 832 quod,
1308 790 1363 822 ubi
1382 797 1433 822 est
1451 790 1558 822 maior
1576 791 1640 822 Dei
1657 797 1887 832 contemptus.
1907 791 1950 822 ibi
1969 798 2021 823 est
2039 791 2149 823 maius

682 854 881 890 peccatum:
901 849 994 880 unde
1012 854 1044 880 et
1062 848 1293 880 indifferentia
1319 849 1408 879 facta
1434 855 1554 880 contra
1579 848 1828 880 conscientiam
1855 854 1888 880 et
1913 849 1945 881 in
1972 855 2150 891 contemp-

680 911 751 937 tum
781 912 859 937 sunt
889 911 1032 947 peccata
1062 905 1225 937 mortalia.
1256 905 1290 936 si
1321 916 1405 947 ergo
1434 916 1503 936 non
1530 905 1724 947 baptizatus
1750 917 1818 937 non
1836 906 1846 922 ²
1874 906 1944 937 vult
1973 906 2150 948 baptizari,

681 962 795 994 sciens
826 968 991 1004 quantum
1022 963 1153 994 virtutis
1183 962 1400 1004 praedicatur
1428 968 1461 994 et
1489 968 1624 994 tenetur
1651 963 1694 994 ab
1725 962 1880 995 Ecclesia
1906 974 1984 995 esse
2010 963 2043 995 in
2069 964 2151 1005 bap—

681 1020 792 1060 tismo,
812 1027 844 1053 et
862 1020 1085 1052 nihilominus
1103 1020 1282 1062 vilipendit
1310 1026 1342 1052 et
1371 1020 1452 1051 nihil
1481 1027 1615 1062 reputat
1641 1020 1847 1062 baptismum
1874 1020 1906 1052 in
1935 1020 2092 1053 Ecclesia
2112 1040 2144 1044 —

681 1079 811 1110 utendo
840 1078 1012 1120 baptismo
1047 1078 1155 1110 credit
1184 1089 1306 1116 errare,
1341 1097 1378 1100 —
1411 1084 1443 1109 et
1472 1077 1550 1109 ideo
1589 1088 1653 1109 nec
1688 1078 1799 1119 ipsum
1833 1084 1930 1110 curat
1962 1078 2150 1120 suscipere,

680 1136 819 1179 gravius
844 1136 978 1168 videtur
1002 1146 1148 1177 peccare
1173 1146 1274 1176 quam
1301 1135 1354 1167 ille
1379 1135 1436 1176 qui
1463 1135 1496 1166 in
1523 1135 1665 1166 infantia
1691 1135 1844 1177 suscepit
1868 1135 2089 1177 baptismum,
2118 1142 2152 1168 et

681 1193 825 1226 veniens
842 1194 886 1225 ad
911 1199 1057 1225 aetatem
1083 1193 1233 1224 adultam
1259 1199 1442 1233 antequam
1469 1193 1640 1234 complete
1666 1192 1708 1224 sit
1726 1192 1913 1224 instructus
1932 1193 1964 1224 in
1991 1193 2044 1224 his
2061 1203 2151 1234 quae

681 1250 760 1283 fidei
786 1256 875 1289 sunt,
895 1251 946 1283 vel
972 1251 1072 1283 etiam
1099 1250 1236 1282 adultus
1262 1256 1446 1291 antequam
1473 1249 1573 1282 etiam
1600 1250 1701 1291 plene
1727 1249 1769 1281 sit
1788 1249 1985 1289 instructus,
2003 1251 2151 1283 credens

680 1319 841 1352 magnam
867 1309 1054 1341 efficaciam
1073 1309 1201 1340 habere
1226 1307 1445 1349 baptismum,
1464 1307 1543 1339 ideo
1561 1314 1596 1338 ut
1622 1307 1862 1348 perfectiorem
1889 1307 2049 1340 effectum
2068 1318 2151 1340 con-

680 1372 854 1407 sequatur,
876 1366 996 1398 iterum
1016 1371 1177 1408 procurat
1205 1376 1242 1397 se
1267 1365 1441 1406 baptizari.
1460 1364 1551 1405 Quia
1577 1365 1630 1396 ille
1656 1364 1717 1396 etsi
1744 1371 1866 1406 peccet
1891 1375 1931 1397 ex
1957 1365 2152 1407 ignorantia

682 1443 721 1446 —
751 1435 819 1456 non
849 1423 990 1455 omnino
1019 1423 1216 1460 invincibili,
1247 1422 1326 1464 quia
1357 1422 1499 1454 deberet
1533 1421 1704 1463 inquirere
1733 1422 1814 1464 quid
1844 1422 1934 1454 circa
1963 1423 2030 1454 hoc
2060 1429 2153 1455 esset

681 1482 866 1524 agendum,
885 1500 925 1504 —
945 1487 1059 1513 tamen
1078 1481 1157 1522 quia
1183 1491 1253 1511 non
1280 1487 1331 1512 est
1356 1486 1472 1511 tantus
1497 1486 1717 1521 contemptus
1742 1479 1830 1512 sicut
1855 1480 1889 1511 in
1918 1480 2028 1522 primo
2057 1491 2151 1520 casu,

680 1538 760 1570 ideo
788 1549 854 1571 nec
882 1544 1013 1570 tantum
1044 1544 1175 1580 peccat.
1206 1537 1242 1569 Si
1272 1544 1385 1569 autem
1418 1543 1498 1579 post
1526 1537 1755 1569 sufficientem
1789 1537 2050 1570 instructionem
2079 1548 2150 1570 non

681 1597 751 1628 vult
768 1597 910 1628 credere
935 1596 1114 1628 Ecclesiae
1140 1595 1279 1627 docenti
1298 1595 1391 1636 quod
1410 1595 1602 1637 baptismus
1627 1606 1697 1626 non
1716 1601 1767 1626 est
1785 1595 1961 1627 iterandus
1979 1602 2012 1627 et
2029 1596 2124 1637 quod
2141 1594 2154 1612 ⁸

680 1654 820 1686 iteratus
845 1654 974 1686 nullum
992 1655 1122 1685 bonum
1148 1653 1229 1685 facit
1247 1653 1350 1684 immo
1369 1653 1505 1691 malum,
1524 1652 1557 1684 in
1583 1652 1676 1684 dicto
1703 1663 1785 1684 casu
1812 1663 1872 1694 per
1896 1653 2060 1685 accidens=
2076 1663 2152 1696 gra-

680 1712 755 1744 vius
773 1717 905 1754 peccat,
923 1722 1000 1743 cum
1019 1711 1094 1743 talis
1119 1711 1185 1742 iam
1202 1710 1244 1742 sit
1269 1716 1437 1752 apostata,
1463 1716 1496 1741 et
1522 1710 1716 1742 haereticus
1741 1710 1911 1742 efficiatur
1936 1721 1955 1742 a
1975 1710 2151 1742 communi

680 1770 838 1802 doctrina
855 1769 1047 1802 catholicae
1065 1768 1242 1801 Ecclesiae
1261 1768 1455 1805 resiliendo,
1474 1773 1507 1799 et
1524 1767 1574 1800 sic
1591 1767 1747 1810 ingratus
1765 1774 1816 1799 est
1833 1768 1964 1809 gratiae
1982 1768 2015 1800 in
2041 1768 2152 1810 primo

680 1827 852 1869 baptismo
871 1833 1064 1868 susceptae.

769 1885 873 1926 Quod
899 1895 983 1927 ergo
1008 1884 1083 1916 talis
1108 1885 1212 1915 habet
1237 1883 1500 1925 dispositionem
1527 1883 1570 1914 ad
1595 1882 1740 1925 gratiam
1765 1889 1929 1924 quantum
1949 1883 1992 1914 ad
2010 1884 2150 1915 charae·

680 1949 786 1975 terem
815 1943 909 1984 quod
935 1949 986 1974 est
1011 1942 1185 1983 quoddam
1212 1941 1341 1972 bonum
1368 1941 1461 1982 quod
1487 1940 1573 1971 alius
1599 1950 1668 1971 non
1695 1941 1808 1976 habet,
1834 1951 1904 1972 non
1931 1940 2012 1972 facit
2037 1941 2149 1982 ipsum

681 2000 820 2033 minus⁴
853 2000 979 2031 malum
1009 1998 1207 2041 simpliciter
1235 1999 1297 2030 sed
1333 1998 1525 2030 secundum
1551 1997 1643 2039 quid,
1674 2008 1752 2029 nam
1780 1997 1833 2029 isti
1863 1997 2083 2040 dispositioni
2110 2009 2151 2031 ex

680 2058 839 2102 graviore
872 2063 1072 2099 contemptu
1105 2062 1137 2089 et
1170 2062 1315 2098 peceato
1348 2055 1597 2097 superinducto
1623 2055 1786 2087 maiorem
1812 2055 2112 2097 indispositionem
2140 2055 2152 2073 ⁶

681 2116 821 2148 inducit.
848 2114 1066 2148 Characteris
1091 2114 1182 2146 enim
1208 2113 1437 2155 dispositione
1462 2123 1532 2145 non
1558 2119 1781 2155 praeparatur
1809 2114 1913 2145 homo
1939 2113 2077 2145 adultus
2107 2113 2151 2145 ad

680 2174 826 2217 gratiam
866 2173 1150 2214 consequendam
1187 2171 1252 2203 nisi
1288 2171 1397 2203 libero
1434 2170 1573 2202 arbitrio
1610 2176 1688 2202 actu
1728 2177 1968 2203 concurrente.
2008 2171 2111 2203 Nunc
2141 2170 2153 2188 ⁸

681 2237 795 2264 autem
820 2231 875 2263 ille
899 2241 960 2273 per
976 2236 1090 2262 actum
1116 2229 1212 2261 liberi
1230 2228 1356 2260 arbitrii
1382 2228 1493 2271 magis
1518 2228 1671 2260 redditur
1695 2228 1922 2270 indispositus
1945 2229 1989 2260 ad
2006 2228 2151 2272 gratiam

681 2300 783 2331 quam
808 2288 904 2320 alius.
930 2288 1013 2320 Ideo
1039 2293 1072 2320 et
1093 2292 1216 2319 cetera.

771 2441 778 2454 ¹
793 2438 862 2465 illud
877 2438 907 2464 P.
921 2453 953 2457 —
968 2438 978 2452 ²
991 2446 1046 2463 om.
1061 2437 1093 2462 V.
1108 2453 1140 2455 —
1155 2437 1166 2451 ³
1179 2445 1233 2462 om.
1248 2436 1278 2462 Ρ.
1293 2451 1325 2455 -
1341 2437 1348 2451 ⁶
1364 2435 1457 2461 maius
1472 2435 1502 2461 P.
1517 2451 1549 2454 —
1565 2436 1574 2450 ⁵
1588 2434 1810 2470 dispositionem
1825 2435 1855 2461 P.
1871 2450 1904 2454 —-
1919 2435 1929 2449 ⁸
1941 2443 1997 2461 nec
2009 2434 2040 2461 P.

769 2554 807 2587 (1)
826 2552 1021 2588 Augustini
1043 2552 1155 2579 Contra
1176 2552 1332 2583 Faustum,
1352 2551 1368 2577 l.
1389 2551 1480 2583 XXII,
1501 2559 1524 2576 c.
1544 2552 1577 2576 27
1598 2550 1654 2583 (ed.
1675 2550 1781 2585 Migne,
1802 2550 1920 2582 P.L.‚·v.
1938 2551 1981 2583 24,
2001 2549 2056 2576 col.
2075 2551 2149 2582 418).

683 2609 693 2622 κ
711 2598 788 2633 Ergo
802 2601 955 2632 peccatum
969 2601 1014 2622 est
1027 2595 1135 2622 factum
1150 2595 1197 2621 vel
1211 2595 1320 2621 dictum
1335 2594 1381 2620 vel
1396 2593 1583 2629 concupitum
1603 2593 1713 2628 aliquid
1733 2598 1833 2619 contra
1853 2593 1947 2628 legem
1963 2598 2110 2620 aeternam
2127 2604 2151 2619 ι.
