2493 3458
740 449 933 483 QUARTUM
964 449 1259 483 QLTODLIBETUM,
1289 449 1323 483 Q.
1354 450 1392 475 IV
1746 451 1797 476 ⁴249

331 539 426 571 ordo.
458 538 500 570 Et
529 538 616 570 sicut
645 543 697 569 est
725 539 767 569 de
797 538 985 577 ordinibus,
1011 538 1055 569 ita
1081 544 1132 569 est
1157 540 1200 570 de
1224 538 1435 577 hierarchiis,
1452 539 1681 580 multiplicatis
1707 539 1796 570 enim

331 596 508 628 ordinibus
534 601 669 637 oportet
693 595 902 627 hierarchias
928 596 1152 637 multiplicari.
1180 615 1219 618 —
1244 597 1337 628 Idem
1364 596 1516 639 arguitur
1540 596 1568 627 si
1594 597 1660 627 sint
1683 597 1797 638 plures

330 654 486 686 eiusdem
523 653 660 696 generis
708 653 862 694 proximi,
899 653 1061 694 quoniam
1098 653 1180 684 illud
1216 665 1328 696 genus
1369 654 1551 685 continens
1588 654 1797 685 differentias

331 717 501 753 potestate
527 716 579 743 est
603 711 718 742 finitae
744 711 884 742 virtutis.
911 711 989 742 Non
1015 717 1106 742 esset
1132 711 1232 742 etiam
1262 712 1348 742 ordo
1375 711 1407 742 in
1433 712 1618 752 speciebus
1643 712 1796 743 eiusdem

330 769 468 812 generis
501 768 656 810 proximi,
689 768 754 800 nisi
788 774 905 800 essent
938 768 1183 800 determinatae
1221 769 1432 800 differentiae
1466 769 1583 810 ipsius.
1622 769 1713 809 Ergo
1746 775 1798 801 est

330 837 460 869 ponere
488 827 634 868 primum
664 832 695 858 et
725 826 877 857 ultimum
914 826 1073 868 angelum
1112 826 1385 867 uniuscuiusque
1418 827 1554 869 generis
1584 827 1796 869 angelorum.

330 885 423 927 Ergo
456 884 570 926 posito
602 883 808 925 perfectiore
848 884 973 925 angelo
1014 894 1175 924 supremo
1209 884 1334 926 angelo
1375 884 1518 915 alicuius
1557 884 1704 926 generis,
1744 884 1798 916 ille

330 947 422 974 esset
450 941 587 973 alterius
614 940 763 983 generi&
783 947 815 972 et
848 947 930 972 tunc
957 942 1201 982 procederetur
1219 947 1254 972 ut
1279 942 1383 983 prius,
1401 941 1479 982 quia
1508 942 1534 972 si
1555 942 1799 982 procederetur

330 999 363 1031 in
392 999 561 1030 infinitum
591 999 623 1029 in
661 998 933 1040 perfectwnibus
972 999 1185 1041 angelorum,
1222 999 1352 1030 infinita
1389 1004 1506 1030 essent
1541 1010 1682 1041 genera.
1720 1000 1798 1030 Non

329 1062 443 1099 potest
468 1062 582 1088 autem
608 1067 684 1088 esse
710 1056 864 1087 eiusdem
891 1056 1020 1087 ordinis
1047 1062 1078 1087 et
1111 1056 1322 1087 hierarchiae
1355 1057 1499 1099 angelus
1529 1056 1629 1087 unius
1661 1057 1798 1098 generis

330 1115 383 1146 vel
415 1114 545 1156 speciei
577 1125 654 1145 cum
688 1124 909 1155 quocumque
941 1114 1078 1145 alterius
1118 1114 1255 1156 generis
1296 1115 1348 1145 vel
1390 1114 1517 1155 speciei
1559 1114 1592 1145 in
1631 1114 1798 1145 infinitum

330 1172 539 1204 excedentis.

418 1230 491 1261 Nec
532 1230 621 1261 valet
660 1229 846 1261 similitudo
886 1240 974 1270 quae
1016 1229 1154 1270 ponitur
1195 1230 1238 1260 de
1285 1230 1490 1272 vegetativo,
1529 1232 1531 1269 l
1574 1230 1737 1261 sensitivo
1767 1236 1798 1261 et

330 1288 522 1319 secundum
550 1288 664 1319 locum
691 1287 830 1325 motivo,
857 1287 935 1328 quia
969 1287 1069 1318 etiam
1095 1287 1129 1318 in
1162 1287 1225 1318 illis
1259 1298 1330 1318 non
1356 1293 1471 1328 potest
1496 1288 1579 1329 poni
1611 1299 1799 1329 processus

330 1345 363 1376 in
390 1345 571 1383 infinitum⁷
599 1345 662 1376 nisi
696 1345 915 1386 perveniatur
943 1345 986 1375 ad
1024 1345 1115 1376 entia
1148 1351 1240 1376 extra
1269 1345 1353 1376 istos
1386 1346 1509 1376 modos
1539 1345 1636 1377 vitae.
1667 1346 1799 1377 Ponere

330 1402 419 1434 enim
451 1403 580 1445 gradus
609 1402 795 1433 viventium
825 1413 901 1433 esse
927 1402 977 1433 sic
1006 1402 1253 1433 determinatos
1279 1402 1324 1433 ita
1353 1403 1445 1443 quod
1479 1414 1549 1434 non
1579 1403 1689 1444 possit
1721 1414 1799 1434 esse

329 1460 449 1491 vivens
474 1460 539 1491 nisi
565 1460 614 1491 sic
647 1461 700 1491 vel
727 1460 786 1495 sic,
813 1466 845 1491 et
882 1470 1011 1501 ponere
1037 1460 1237 1501 possibilem
1264 1470 1466 1501 processum
1500 1460 1532 1491 in
1565 1461 1731 1491 infinitum
1765 1461 1798 1492 in

328 1517 523 1548 viventibus
556 1516 708 1558 implicat
733 1517 1011 1548 contradictoria.
1045 1517 1131 1547 Nam
1166 1516 1371 1558 accipiendo
1403 1528 1515 1559 genus
1549 1517 1703 1548 animalis
1736 1528 1798 1558 pro

328 1585 398 1606 uno
424 1575 545 1617 gradu,
571 1574 686 1616 posito
718 1585 938 1615 quocumque
964 1574 1100 1605 animali
1126 1585 1219 1605 nunc
1252 1574 1420 1613 existenti,
1447 1575 1474 1605 si
1508 1575 1563 1606 illo
1588 1580 1701 1616 potest
1727 1575 1799 1606 fieri

328 1643 398 1663 non
437 1632 514 1663 (lico
548 1632 672 1663 animal
709 1632 770 1663 sed
808 1632 928 1663 vivens
965 1632 1114 1663 nobilius
1141 1638 1173 1663 et
1205 1631 1355 1663 nobilius
1387 1632 1419 1662 in
1450 1632 1629 1669 infinitum,
1663 1638 1799 1674 oportet

328 1690 422 1731 quod
451 1690 673 1721 transcendat
707 1690 847 1720 modum
881 1690 970 1721 vitae
997 1689 1152 1720 animalis
1181 1695 1321 1731 propter
1355 1689 1492 1731 generis
1526 1689 1799 1731 uniuscuiusque

328 1747 575 1779 limitationem.
613 1747 655 1778 Et
688 1748 737 1779 sic
770 1747 943 1788 oportebit
974 1747 1067 1788 quod
1100 1747 1278 1788 perveniat
1303 1748 1346 1778 acl
1371 1747 1473 1778 vitam
1510 1747 1620 1786 aliam,
1654 1747 1733 1788 quia
1766 1748 1798 1778 in

328 1816 398 1836 uno
434 1806 539 1836 modo
576 1805 713 1836 vivendi
754 1805 968 1846 impossibile
1006 1810 1057 1836 est
1095 1805 1286 1846 procedere
1327 1805 1360 1835 in
1402 1805 1569 1836 infinitum
1611 1805 1653 1836 de
1694 1806 1798 1836 modo

329 1863 484 1904 perfecto
518 1863 561 1894 ad
598 1863 738 1894 modum
777 1863 1028 1904 perfectiorem,
1055 1868 1130 1893 esto
1170 1863 1263 1903 quod
1302 1862 1335 1893 in
1368 1862 1564 1894 viventibus
1601 1863 1800 1904 simpliciter

329 1926 420 1952 esset
437 1931 624 1962 processus
650 1920 683 1951 in
710 1920 890 1951 infinitum.
911 1920 1008 1951 Sicut
1033 1920 1133 1951 etiam
1160 1920 1187 1951 si
1206 1920 1248 1951 sit
1273 1921 1465 1951 descensus
1489 1921 1552 1951 sub
1579 1931 1799 1961 quocumque

328 1978 465 2010 animali
490 1978 524 2009 in
550 1978 730 2013 infinitum,
757 1978 801 2009 ita
827 1978 920 2019 quod
951 1988 1172 2019 quocumque
1206 1978 1286 2008 dato
1323 1984 1375 2009 est
1401 1989 1532 2019 ponere
1566 1978 1799 2019 imperfectius

329 2047 390 2067 ens
416 2036 449 2067 in
475 2035 656 2074 infinitum,
683 2036 743 2067 erit
769 2036 932 2067 devenire
953 2036 996 2066 ad
1022 2035 1150 2076 aliquid
1169 2036 1263 2076 quod
1289 2046 1359 2066 non
1377 2036 1457 2066 vivit
1476 2035 1542 2066 vita
1560 2036 1708 2071 animali,
1735 2047 1799 2067 nec

329 2093 429 2125 etiam
456 2094 595 2125 tandem
621 2093 689 2124 vita
715 2094 863 2135 plantae.
892 2093 1015 2125 Dicere
1042 2104 1124 2135 ergo
1151 2093 1244 2134 quod
1262 2094 1293 2124 si
1309 2093 1405 2124 tieret
1424 2104 1644 2134 quocumque
1663 2093 1800 2124 animali

329 2152 410 2182 dato
436 2151 622 2192 perfectius
648 2162 719 2182 non
753 2151 863 2182 solum
890 2162 952 2182 eus
989 2151 1051 2182 sed
1088 2151 1189 2182 etiam
1227 2161 1288 2181 ens
1325 2150 1460 2189 animal,
1487 2162 1662 2192 nunquam
1695 2151 1800 2183 exiret

329 2209 469 2240 modum
495 2209 635 2240 vivendi
661 2208 828 2246 animalis,
856 2209 959 2249 [quia]
986 2209 1054 2239 hoc
1080 2208 1231 2249 implicat
1268 2208 1544 2246 contradictoria7
1580 2208 1659 2249 quia
1694 2209 1799 2240 exiret

330 2272 362 2297 et
387 2277 457 2297 non
497 2266 612 2297 exiret.
650 2266 686 2297 In
724 2272 889 2307 quantum
928 2266 1019 2297 enim
1056 2266 1196 2307 ponitur
1232 2267 1422 2307 procedere
1457 2265 1490 2297 in
1527 2266 1695 2297 infinitum
1728 2278 1798 2297 non

329 2324 456 2361 exiret;
483 2324 516 2355 in
543 2329 708 2365 quantum
735 2324 874 2365 ponitur
899 2334 976 2355 esse
1014 2323 1147 2367 animal¹
1165 2323 1365 2355 necessario
1403 2323 1516 2355 exiret.
1544 2325 1653 2355 Secus
1685 2330 1798 2355 autem

330 2387 422 2413 esset
459 2381 574 2413 dicere
611 2382 705 2422 quod
743 2381 777 2412 in
811 2381 1007 2412 viventibus
1042 2386 1163 2422 posset
1198 2392 1276 2412 esse
1313 2392 1500 2422 processus
1537 2381 1569 2412 in
1604 2381 1797 2418 infinitum:

329 2450 408 2470 nam
434 2439 462 2470 si
480 2445 572 2471 esset
597 2450 785 2480 processus
813 2439 846 2470 in
873 2439 1041 2470 infinitum
1067 2438 1100 2469 in
1126 2438 1322 2470 viventibus
1349 2438 1441 2470 dicto
1466 2439 1582 2476 modo,
1609 2450 1678 2470 non
1708 2445 1799 2470 esset

330 2507 462 2538 ponere
488 2497 620 2538 aliquos
653 2498 775 2528 modos
801 2497 1048 2528 determinatos
1084 2496 1231 2534 vivendi⁷
1267 2507 1332 2527 nec
1368 2502 1436 2527 tres
1475 2507 1540 2527 nec
1577 2497 1703 2537 plures,
1737 2497 1798 2528 sed

329 2554 491 2586 infinitos.
518 2555 620 2587 Unde
653 2554 984 2596 incompossibilitas
1010 2553 1043 2584 in
1080 2554 1137 2584 tali
1173 2554 1278 2585 modo
1316 2553 1470 2595 ponendi
1503 2565 1572 2585 non
1607 2560 1797 2595 appareret.

329 2612 399 2644 Sed
425 2623 555 2654 ponere
572 2612 835 2644 determinatum
855 2612 994 2643 modum
1011 2611 1148 2642 vivendi
1168 2617 1199 2643 et
1217 2611 1250 2642 in
1270 2611 1325 2642 illo
1352 2622 1554 2652 processum
1574 2611 1606 2642 in
1630 2611 1797 2643 inlinitum

329 2671 522 2702 secundum
548 2670 733 2712 perfectius
760 2670 852 2701 dicto
878 2670 983 2701 modo
1009 2674 1061 2700 est
1085 2679 1215 2710 ponere
1244 2668 1549 2710 incompossibilia.
1576 2669 1646 2700 Sed
1672 2675 1797 2708 tamen,

328 2729 408 2764 lieet
443 2739 573 2773 ponere
609 2738 812 2771 processum
838 2727 871 2759 in
912 2727 1082 2759 infinitum
1112 2726 1146 2758 in
1179 2726 1374 2759 viventibus
1415 2727 1608 2759 secundum
1640 2727 1796 2760 diversos

1857 1220 1921 1245 cod.
1936 1220 1961 1244 V

1822 1255 1870 1281 fol.
1885 1257 1936 1281 283
1950 1256 1989 1280 Vb
