2493 3458
509 1522 573 1548 cod.
589 1523 611 1548 t·

477 1558 525 1584 sol.
542 1560 592 1584 lou
607 1557 645 1584 Ra

511 1593 575 1619 cod.
591 1593 612 1619 P

476 1628 524 1655 fol.
542 1630 591 1655 156
606 1628 645 1654 Va

509 2236 573 2263 cod.
588 2238 608 2262 S

485 2272 532 2298 fol.
548 2273 580 2298 51
597 2272 637 2298 Vb

667 455 719 479 342
1029 451 1220 478 MAGlsTRl
1249 451 1469 478 GODEFRlDI
1499 451 1550 477 DE
1579 439 1777 478 FON²rlssUS

667 541 852 568 sacerdotem
882 550 956 573 esse,
985 540 1009 567 si
1038 549 1096 567 non
1125 539 1162 566 sit
1190 544 1286 572 notus,
1306 539 1384 574 quod
1410 539 1500 566 debet
1528 539 1565 566 de
1594 539 1649 566 hoc
1670 539 1783 574 inquiri,
1813 544 1842 565 et
1870 539 2000 575 capitulo
2031 540 2140 566 Contra

667 598 777 616 morem
805 590 843 622 (l)
872 589 950 624 quod
977 588 1130 623 allegans·
1160 596 1196 614 ex
1225 587 1386 623 privilegiis
1414 587 1468 613 sibi
1499 586 1608 622 aliquid
1639 591 1808 622 competere
1841 586 1930 614 debet
1961 586 2069 614 docere
2101 586 2138 614 de

667 636 831 672 privilegiis
848 637 865 662 ².

756 685 792 711 Et
812 693 864 719 per
883 685 938 710 hoc
959 687 1040 719 putet
1060 682 1096 709 ad
1117 683 1318 718 quaestionem
1340 686 1368 709 et
1388 681 1426 708 ad
1445 682 1571 709 obiecta.

1224 876 1488 912 QUAESTIO
1526 877 1587 903 XV

1320 959 1482 985 mmmm.

670 1056 778 1084 Utrum
800 1056 847 1082 illi
865 1056 972 1091 quibus
990 1055 1146 1082 commissa
1165 1057 1207 1082 est
1226 1065 1245 1081 a
1265 1055 1385 1081 domino
1401 1057 1483 1090 papa
1499 1056 1630 1090 potestas
1648 1054 1795 1080 audiendi
1813 1063 1864 1080 con
1863 1053 2012 1088 sessiones
2026 1053 2142 1089 possint

701 1104 848 1131 absolvere
876 1113 894 1130 a
923 1104 1040 1130 casibus
1068 1104 1190 1130 retentis
1217 1103 1361 1139 episcopis
1388 1112 1407 1128 a
1436 1103 1504 1128 iure
1530 1102 1577 1128 ἰἐΙ
1602 1101 1813 1128 consuetudine
1841 1101 1943 1127 habitu
1973 1101 2094 1128 licentia
2122 1110 2143 1128 n

702 1152 904 1179 sacerdotibus
919 1151 1146 1187 parochialibus
1160 1153 1206 1183 (2).

756 1285 803 1312 Ad
829 1285 944 1312 tertium
971 1285 1012 1311 sic
1039 1284 1216 1320 proceditur,
1243 1288 1271 1310 et
1297 1284 1427 1319 arguitur
1456 1283 1534 1318 quod
1562 1283 1636 1309 tales
1662 1283 1775 1318 possint
1802 1283 1957 1309 absolvere
1983 1291 2000 1308 a
2025 1282 2143 1309 casibus

667 1333 882 1368 episcoporum,
909 1332 976 1368 quia
1002 1333 1029 1358 in
1055 1333 1111 1359 hoc
1137 1332 1215 1367 quod
1239 1332 1394 1367 privilegio
1423 1331 1542 1358 fratrum
1573 1330 1808 1366 praedicatorum
1838 1335 1866 1356 et
1895 1330 2038 1356 minorum
2065 1330 2143 1366 quod

667 1381 775 1407 habent
800 1381 854 1407 sub
880 1380 1030 1416 praedicta
1057 1379 1159 1411 forma,
1185 1379 1369 1414 excipiuntur
1391 1379 1445 1405 soli
1470 1387 1556 1405 casus
1579 1378 1710 1413 papales,
1731 1378 1866 1404 videntur
1885 1386 1988 1404 omnes
2007 1377 2054 1404 alii
2075 1386 2143 1404 con-

668 1429 742 1462 cedi,
763 1433 791 1455 et
811 1429 851 1455 sic
872 1428 1008 1454 videntur
1028 1427 1150 1454 concedi
1171 1436 1256 1454 casus
1277 1427 1491 1462 episcoporum.

755 1477 787 1502 ln
807 1476 982 1503 contrarium
1003 1480 1047 1502 est
1067 1475 1145 1510 quod
1166 1475 1287 1511 praelati
1308 1475 1381 1501 tales
1402 1474 1564 1509 impediunt
1583 1483 1619 1500 ne
1640 1474 1794 1500 absolvant
1814 1483 1829 1500 a
1851 1474 1968 1500 casibus
1988 1473 2056 1500 suis.

756 1524 932 1559 Respondeo
959 1525 985 1557 Ι.
1015 1523 1063 1549 Sic
1091 1523 1183 1550 estin
1212 1522 1386 1558 privilegio:
1416 1523 1500 1548 vobis
1528 1521 1718 1548 concedimus
1744 1521 1918 1548 auctoritate
1944 1521 2141 1556 praesentium

667 1576 697 1598 ut
726 1571 846 1598 fratrum
876 1580 910 1598 ac
940 1570 1123 1597 familiarium
1154 1571 1280 1596 virorum
1316 1579 1350 1597 ac
1380 1570 1501 1596 aliorum
1538 1569 1668 1595 fidelium
1698 1577 1787 1596 causa
1819 1568 1986 1596 devotionis
2018 1568 2054 1595 ad
2087 1576 2140 1595 vos

667 1619 900 1646 recurrentium³
932 1619 968 1645 de
1000 1627 1118 1645 suorum
1151 1618 1268 1645 licentia
1301 1618 1496 1653 praelatorum
1530 1616 1732 1644 confessiones
1764 1616 1864 1643 audire
1897 1625 1931 1643 ac
1966 1617 2009 1643 eis
2040 1625 2093 1651 pro
2122 1620 2126 1648 1

667 1667 830 1695 commissis
857 1667 1066 1703 poenitentiam
1090 1666 1241 1701 iniungere
1262 1665 1385 1692 valeatis
1401 1668 1418 1696 ⁶,
1438 1665 1491 1691 nisi
1507 1666 1517 1679 ⁵
1543 1665 1616 1691 forte
1637 1665 1691 1700 ipsi
1713 1664 1783 1691 talia
1803 1665 2002 1691 commiserint
2021 1669 2142 1700 propter

667 1724 742 1750 quae
762 1715 849 1741 sedes
869 1714 1032 1750 apostolica
1058 1714 1094 1740 sit
1123 1714 1226 1740 merito
1255 1713 1443 1740 consulenda.
1471 1712 1634 1739 Dicendum
1662 1721 1734 1747 ergo
1763 1712 1842 1747 quod
1871 1712 1940 1738 licet
1969 1711 1997 1738 in
2017 1711 2141 1747 simplici

667 1763 874 1790 commissione
905 1762 1104 1796 intelligantur
1136 1762 1250 1796 excepti
1283 1766 1341 1787 tam
1375 1770 1460 1787 casus
1499 1769 1594 1796 papae
1626 1769 1713 1795 quam
1747 1769 1832 1786 casus
1864 1759 2082 1795 cpiscoporum,
2113 1759 2141 1785 in

667 1811 716 1837 tali
746 1815 842 1837 tamen
871 1810 1077 1837 commissione
1105 1809 1154 1835 ubi
1180 1818 1320 1844 expresse
1345 1808 1536 1835 committitur
1561 1813 1653 1834 totum
1680 1807 1813 1843 exceptis
1833 1807 1950 1834 casibus
1976 1807 2142 1842 papalibus,

667 1859 802 1885 videntur
833 1858 955 1885 concedi
987 1866 1074 1884 casus
1106 1857 1300 1892 episcopales.
1332 1856 1428 1883 Primo
1467 1856 1535 1891 quia
1567 1855 1645 1891 quod
1675 1855 1712 1882 de
1744 1864 1801 1882 uno
1839 1859 1972 1890 negatur,
2009 1854 2046 1881 de
2084 1854 2141 1881 alio

667 1906 781 1933 videtur
805 1906 928 1932 concedi
962 1910 992 1932 ut
1024 1905 1147 1931 habetur
1179 1904 1321 1939 vigesima
1353 1904 1453 1939 quinta
1486 1904 1682 1936 distinctione,
1712 1903 1816 1937 Qualis
1830 1906 1878 1935 (3).
1902 1902 2041 1929 Secundo
2073 1902 2140 1937 quia

667 1955 758 1981 cum⁶
790 1954 816 1980 in
854 1953 1059 1980 commissione
1091 1953 1221 1987 generali
1253 1953 1316 1979 sine
1354 1961 1538 1987 quacumque
1576 1952 1763 1987 expressione
1797 1951 2019 1985 intelligantur-⁷
2055 1958 2142 1977 casus

667 2002 789 2037 papales
803 2002 814 2017 ⁸
841 2001 935 2036 excipi
956 2005 986 2027 ut
1015 2001 1112 2032 Extra,
1133 2000 1168 2027 de
1189 2000 1287 2027 officio
1309 2000 1396 2035 legati
1413 2002 1430 2032 ⁰,
1451 1999 1538 2034 Quod
1559 1999 1779 2026 translationem
1795 2000 1842 2032 (4),
1863 1998 1899 2024 de
1919 1998 1998 2024 nullo
2018 1997 2141 2024 serviret

666 2050 714 2076 illa
745 2049 881 2084 exceptio
913 2049 936 2075 si
969 2058 1055 2075 casus
1087 2048 1274 2083 episcopales
1305 2057 1362 2074 non
1395 2047 1626 2082 intelligerentur
1657 2046 1788 2073 concedi.
1821 2046 1881 2072 Sed
1913 2045 1980 2080 quia
2018 2045 2141 2081 praelati

666 2098 774 2124 habent
794 2106 846 2132 per
866 2096 1012 2123 licentiam
1041 2096 1205 2123 concedere
1231 2096 1381 2122 materiam
1413 2095 1475 2121 istis
1501 2095 1546 2121 cui
1574 2095 1723 2130 applicent
1748 2098 1926 2129 potestatem
1953 2093 2139 2120 commissam

666 2154 682 2171 a
703 2145 822 2171 domino
842 2153 928 2180 papa,
948 2144 972 2170 si
992 2143 1115 2179 praelati
1138 2148 1208 2178 puta
1231 2143 1364 2178 episcopi
1387 2143 1520 2169 absolute
1545 2142 1614 2168 dant
1637 2141 1784 2169 licentiam
1808 2142 1877 2168 nihil
1907 2140 2140 2173 determinando,

665 2193 739 2219 tales
771 2197 894 2228 possunt
926 2192 1081 2218 absolvere
1114 2200 1130 2217 a
1162 2191 1280 2217 casibus
1306 2191 1535 2225 episcopalibus.
1565 2189 1596 2216 Si
1627 2194 1725 2216 autern
1755 2189 1797 2215 sic
1817 2189 1888 2215 dent
1907 2188 2073 2215 licentiam:
2102 2187 2141 2214 do

666 2240 812 2267 licentiam
844 2241 847 2273 1
876 2239 1002 2266 subditis
1031 2239 1103 2265 meis
1128 2238 1287 2265 confitendi
1311 2239 1330 2253 ¹⁰
1358 2237 1399 2264 sic
1426 2237 1506 2272 quod
1535 2237 1649 2273 possint
1677 2245 1730 2263 eos
1759 2237 1914 2263 absolvere
1943 2236 1979 2262 ab
2006 2235 2141 2262 omnibus

666 2288 797 2323 exceptis
817 2287 934 2314 casibus
950 2289 968 2302 ¹¹
988 2287 1109 2313 retentis
1129 2286 1288 2321 episcopiS,
1307 2290 1335 2312 et
1355 2285 1380 2312 si
1394 2294 1452 2312 non
1472 2289 1628 2320 acceptant
1648 2285 1703 2311 hoc
1718 2293 1754 2311 ex
1774 2293 1849 2310 nunc
1869 2283 1987 2310 licentia
2002 2283 2039 2310 sit
2052 2283 2141 2313 nulla,

665 2352 698 2355 —
718 2340 786 2362 tunc
806 2335 830 2362 si
850 2339 1006 2370 acceptant
1025 2335 1113 2361 talem
1133 2334 1289 2365 licentiam,
1309 2343 1365 2360 non
1395 2338 1518 2368 possunt
1537 2333 1692 2359 absolvere
1712 2341 1729 2358 a
1757 2332 1875 2358 casibus
1904 2330 2140 2366 episcopalibus;

665 2384 688 2410 si
709 2388 805 2410 autem
825 2392 882 2409 non
904 2386 1068 2418 acceptant,
1088 2391 1104 2408 a
1124 2382 1204 2408 nullo
1224 2386 1346 2417 possunt
1366 2381 1520 2407 absolvere
1541 2380 1609 2415 quia
1628 2380 1746 2407 licentia
1767 2379 1939 2406 annullatur.
1961 2377 2140 2405 Sacerdotes

712 2546 715 2549 ,
755 2519 762 2533 ¹
777 2517 906 2552 allegant
924 2516 978 2543 SP.
998 2531 1031 2535 —
1051 2516 1062 2531 '³
1074 2514 1228 2551 privilegio
1250 2515 1282 2541 C.
1302 2530 1336 2534 —-
1355 2515 1366 2529 ³
1380 2513 1586 2540 recurrendum
1607 2512 1639 2540 C.
1656 2528 1689 2532 --
1710 2514 1719 2528 ⁴
1732 2511 1944 2547 poenitentiam
1959 2527 1991 2530 —
2005 2510 2139 2544 valeatis]

665 2561 862 2596 poenitentias
881 2560 1001 2595 iungere
1016 2560 1048 2586 C.
1069 2575 1101 2578 —-
1122 2560 1132 2574 ⁵
1145 2559 1168 2585 si
1189 2558 1242 2585 SP.
1258 2574 1290 2577 —
1311 2559 1321 2573 ⁰
1343 2567 1397 2584 om.
1418 2557 1451 2584 C.
1471 2573 1504 2576 —
1526 2557 1535 2572 ⁷
1548 2556 1748 2592 intelliguntur
1764 2555 1796 2582 C.
1817 2571 1849 2575 -—
1871 2555 1880 2570 ¹¹
1899 2554 2086 2590 episcopales
2106 2554 2138 2581 C.

664 2620 697 2624 —
717 2605 728 2620 ⁰
746 2605 813 2640 lege
832 2604 902 2639 (sic)
922 2603 954 2630 C.
975 2619 1008 2622 —
1030 2604 1050 2618 ¹⁰
1066 2602 1150 2629 vobis
1169 2602 1238 2628 add.
1253 2602 1285 2628 C.
1307 2617 1339 2621 —-
1362 2603 1381 2617 ¹¹
1401 2601 1508 2627 talibus
1528 2599 1560 2627 C.

753 2706 791 2737 (1Χ
813 2705 872 2732 Cfr.
891 2714 919 2740 p.
937 2706 997 2736 277,
1018 2713 1044 2730 n.
1066 2705 1113 2736 (3).
1135 2720 1167 2722 —
1188 2704 1225 2737 (2)
1246 2702 1305 2729 Csr.
1326 2711 1374 2737 pp.
1394 2702 1520 2728 278-279.
1540 2716 1574 2720 —
1593 2701 1631 2735 (3)
1645 2700 1704 2727 Cfr.
1719 2709 1746 2735 p.
1767 2701 1827 2731 279,
1846 2708 1873 2725 n.
1887 2701 1934 2732 (2).
1956 2714 1987 2717 —
2008 2699 2048 2731 (4)
2068 2706 2092 2724 c.
2111 2698 2137 2723 4.

664 2750 698 2776 X.
719 2749 755 2776 de
776 2749 824 2775 off.
845 2748 943 2783 legati.
965 2748 985 2774 1.
1006 2749 1048 2774 30.
