<?xml version="1.0" encoding="UTF-8"?>
<!DOCTYPE html PUBLIC "-//W3C//DTD XHTML 1.0 Transitional//EN"
    "http://www.w3.org/TR/xhtml1/DTD/xhtml1-transitional.dtd">
<html xmlns="http://www.w3.org/1999/xhtml" xml:lang="en" lang="en">
 <head>
  <title>
</title>
<meta http-equiv="Content-Type" content="text/html;charset=utf-8" />
  <meta name='ocr-system' content='tesseract 3.04.00' />
  <meta name='ocr-capabilities' content='ocr_page ocr_carea ocr_par ocr_line ocrx_word'/>
</head>
<body>
  <div class='ocr_page' id='page_1' title='image "./lesquatrepremier00godf_0330.png"; bbox 0 0 2493 3458; ppageno 0'>
   <div class='ocr_carea' id='block_1_1' title="bbox 470 539 621 600">
    <p class='ocr_par' dir='ltr' id='par_1_1' title="bbox 470 539 621 600">
     <span class='ocr_line' id='line_1_1' title="bbox 493 539 592 565; baseline 0 0"><span class='ocrx_word' id='word_1_1' title='bbox 493 539 558 565; x_wconf 61' lang='lat'>(0¹1.</span> <span class='ocrx_word' id='word_1_2' title='bbox 574 540 592 562; x_wconf 60' lang='lat' dir='ltr'>S</span> 
     </span>
     <span class='ocr_line' id='line_1_2' title="bbox 470 575 621 600; baseline -0.007 0"><span class='ocrx_word' id='word_1_3' title='bbox 470 575 621 600; x_wconf 66' lang='grc' dir='ltr'>1ἰι1.4.ὶΧ’“’</span> 
     </span>
    </p>
   </div>
   <div class='ocr_carea' id='block_1_2' title="bbox 468 1200 630 1261">
    <p class='ocr_par' dir='ltr' id='par_1_2' title="bbox 468 1200 630 1261">
     <span class='ocr_line' id='line_1_3' title="bbox 496 1200 597 1225; baseline -0.01 0"><span class='ocrx_word' id='word_1_4' title='bbox 496 1200 560 1225; x_wconf 70' lang='lat' dir='ltr'>cml.</span> <span class='ocrx_word' id='word_1_5' title='bbox 578 1200 597 1224; x_wconf 84' lang='lat' dir='ltr'>l&#39;</span> 
     </span>
     <span class='ocr_line' id='line_1_4' title="bbox 468 1235 630 1261; baseline 0 -1"><span class='ocrx_word' id='word_1_6' title='bbox 468 1235 516 1261; x_wconf 73' lang='lat' dir='ltr'>sol.</span> <span class='ocrx_word' id='word_1_7' title='bbox 531 1237 579 1261; x_wconf 62' lang='lat'>1:323</span> <span class='ocrx_word' id='word_1_8' title='bbox 596 1235 630 1260; x_wconf 50' lang='lat' dir='ltr'>liv·</span> 
     </span>
    </p>
   </div>
   <div class='ocr_carea' id='block_1_3' title="bbox 474 2278 625 2339">
    <p class='ocr_par' dir='ltr' id='par_1_3' title="bbox 474 2278 625 2339">
     <span class='ocr_line' id='line_1_5' title="bbox 503 2278 602 2304; baseline 0 0"><span class='ocrx_word' id='word_1_9' title='bbox 503 2278 566 2304; x_wconf 78' lang='lat' dir='ltr'>cod.</span> <span class='ocrx_word' id='word_1_10' title='bbox 581 2278 602 2304; x_wconf 93' lang='lat' dir='ltr'>S</span> 
     </span>
     <span class='ocr_line' id='line_1_6' title="bbox 474 2313 625 2339; baseline 0 0"><span class='ocrx_word' id='word_1_11' title='bbox 474 2314 523 2339; x_wconf 85' lang='lat' dir='ltr'>fol.</span> <span class='ocrx_word' id='word_1_12' title='bbox 538 2315 572 2339; x_wconf 70' lang='lat'>44</span> <span class='ocrx_word' id='word_1_13' title='bbox 586 2313 625 2339; x_wconf 73' lang='lat' dir='ltr'>Ra</span> 
     </span>
    </p>
   </div>
   <div class='ocr_carea' id='block_1_4' title="bbox 649 402 1760 430">
    <p class='ocr_par' dir='ltr' id='par_1_4' title="bbox 649 402 1760 430">
     <span class='ocr_line' id='line_1_7' title="bbox 649 402 1760 430; baseline -0.001 0"><span class='ocrx_word' id='word_1_14' title='bbox 649 406 701 430; x_wconf 84' lang='grc'>308</span> <span class='ocrx_word' id='word_1_15' title='bbox 1014 403 1203 430; x_wconf 87' lang='lat' dir='ltr'>MAGISTRI</span> <span class='ocrx_word' id='word_1_16' title='bbox 1234 402 1453 430; x_wconf 85' lang='lat' dir='ltr'>GODEFRIDI</span> <span class='ocrx_word' id='word_1_17' title='bbox 1482 403 1534 430; x_wconf 87' lang='lat' dir='ltr'>DE</span> <span class='ocrx_word' id='word_1_18' title='bbox 1563 402 1760 430; x_wconf 87' lang='lat' dir='ltr'>FONTIBUS</span> 
     </span>
    </p>
   </div>
   <div class='ocr_carea' id='block_1_5' title="bbox 650 490 2136 2327">
    <p class='ocr_par' dir='ltr' id='par_1_5' title="bbox 650 490 2131 1692">
     <span class='ocr_line' id='line_1_8' title="bbox 650 490 2121 528; baseline -0.001 -9"><span class='ocrx_word' id='word_1_19' title='bbox 650 498 678 519; x_wconf 85' lang='lat' dir='ltr'>et</span> <span class='ocrx_word' id='word_1_20' title='bbox 699 502 751 528; x_wconf 81' lang='lat' dir='ltr'>per</span> <span class='ocrx_word' id='word_1_21' title='bbox 776 501 961 527; x_wconf 82' lang='lat' dir='ltr'>consequens</span> <span class='ocrx_word' id='word_1_22' title='bbox 989 491 1167 527; x_wconf 73' lang='lat' dir='ltr'>generabilia</span> <span class='ocrx_word' id='word_1_23' title='bbox 1195 496 1223 517; x_wconf 75' lang='lat' dir='ltr'>et</span> <span class='ocrx_word' id='word_1_24' title='bbox 1249 491 1456 526; x_wconf 80' lang='lat' dir='ltr'>corruptibilia.</span> <span class='ocrx_word' id='word_1_25' title='bbox 1485 490 1544 517; x_wconf 77' lang='lat' dir='ltr'>Sed</span> <span class='ocrx_word' id='word_1_26' title='bbox 1571 491 1666 524; x_wconf 65' lang='lat' dir='ltr'>angeli</span> <span class='ocrx_word' id='word_1_27' title='bbox 1690 500 1748 518; x_wconf 86' lang='lat' dir='ltr'>non</span> <span class='ocrx_word' id='word_1_28' title='bbox 1772 495 1837 517; x_wconf 79' lang='lat' dir='ltr'>sunt</span> <span class='ocrx_word' id='word_1_29' title='bbox 1865 491 1946 517; x_wconf 76' lang='lat' dir='ltr'>tales.</span> <span class='ocrx_word' id='word_1_30' title='bbox 1968 491 2044 525; x_wconf 66' lang='lat' dir='ltr'>Ergo</span> <span class='ocrx_word' id='word_1_31' title='bbox 2065 501 2121 518; x_wconf 93' lang='lat' dir='ltr'>non</span> 
     </span>
     <span class='ocr_line' id='line_1_9' title="bbox 650 539 2121 573; baseline -0.001 -5"><span class='ocrx_word' id='word_1_32' title='bbox 650 541 865 568; x_wconf 81' lang='lat' dir='ltr'>communicant</span> <span class='ocrx_word' id='word_1_33' title='bbox 898 541 925 567; x_wconf 90' lang='lat' dir='ltr'>in</span> <span class='ocrx_word' id='word_1_34' title='bbox 959 540 1087 567; x_wconf 70' lang='lat' dir='ltr'>matoria.</span> <span class='ocrx_word' id='word_1_35' title='bbox 1120 540 1179 566; x_wconf 73' lang='lat' dir='ltr'>Sed</span> <span class='ocrx_word' id='word_1_36' title='bbox 1212 540 1234 566; x_wconf 59' lang='lat' dir='ltr'>si</span> <span class='ocrx_word' id='word_1_37' title='bbox 1268 540 1409 566; x_wconf 74' lang='lat' dir='ltr'>haberent</span> <span class='ocrx_word' id='word_1_38' title='bbox 1441 539 1600 566; x_wconf 75' lang='lat' dir='ltr'>materiam.</span> <span class='ocrx_word' id='word_1_39' title='bbox 1633 540 1881 566; x_wconf 75' lang='lat' dir='ltr'>communicarent</span> <span class='ocrx_word' id='word_1_40' title='bbox 1907 541 1911 573; x_wconf 76' lang='grc' dir='ltr'>ἱ</span> <span class='ocrx_word' id='word_1_41' title='bbox 1937 539 2023 566; x_wconf 82' lang='lat' dir='ltr'>etiam</span> <span class='ocrx_word' id='word_1_42' title='bbox 2058 549 2121 566; x_wconf 92' lang='lat' dir='ltr'>cum</span> 
     </span>
     <span class='ocr_line' id='line_1_10' title="bbox 650 588 2123 625; baseline -0.001 -9"><span class='ocrx_word' id='word_1_43' title='bbox 650 590 852 625; x_wconf 66' lang='lat' dir='ltr'>corporalibus</span> <span class='ocrx_word' id='word_1_44' title='bbox 882 590 908 615; x_wconf 91' lang='lat' dir='ltr'>in</span> <span class='ocrx_word' id='word_1_45' title='bbox 936 589 1056 615; x_wconf 70' lang='lat' dir='ltr'>man-ria</span> <span class='ocrx_word' id='word_1_46' title='bbox 1083 589 1169 615; x_wconf 81' lang='lat' dir='ltr'>ctiam</span> <span class='ocrx_word' id='word_1_47' title='bbox 1197 588 1327 615; x_wconf 78' lang='lat' dir='ltr'>eiusdem</span> <span class='ocrx_word' id='word_1_48' title='bbox 1355 588 1484 614; x_wconf 76' lang='lat' dir='ltr'>rationis.</span> <span class='ocrx_word' id='word_1_49' title='bbox 1506 588 1582 621; x_wconf 66' lang='lat' dir='ltr'>Ergo</span> <span class='ocrx_word' id='word_1_50' title='bbox 1603 593 1631 614; x_wconf 74' lang='lat' dir='ltr'>et</span> <span class='ocrx_word' id='word_1_51' title='bbox 1651 593 1757 614; x_wconf 78' lang='lat' dir='ltr'>cetera.</span> <span class='ocrx_word' id='word_1_52' title='bbox 1778 588 1866 622; x_wconf 73' lang='lat' dir='ltr'>Quod</span> <span class='ocrx_word' id='word_1_53' title='bbox 1892 593 1987 614; x_wconf 86' lang='lat' dir='ltr'>autem</span> <span class='ocrx_word' id='word_1_54' title='bbox 2018 589 2123 622; x_wconf 72' lang='lat' dir='ltr'>angeli,</span> 
     </span>
     <span class='ocr_line' id='line_1_11' title="bbox 650 637 2123 672; baseline -0.001 -7"><span class='ocrx_word' id='word_1_55' title='bbox 650 639 672 665; x_wconf 72' lang='lat' dir='ltr'>si</span> <span class='ocrx_word' id='word_1_56' title='bbox 700 639 839 665; x_wconf 72' lang='lat' dir='ltr'>haberent</span> <span class='ocrx_word' id='word_1_57' title='bbox 868 639 1029 670; x_wconf 73' lang='lat' dir='ltr'>materiam,</span> <span class='ocrx_word' id='word_1_58' title='bbox 1055 642 1167 672; x_wconf 78' lang='lat' dir='ltr'>partem</span> <span class='ocrx_word' id='word_1_59' title='bbox 1197 637 1240 663; x_wconf 74' lang='lat' dir='ltr'>sui</span> <span class='ocrx_word' id='word_1_60' title='bbox 1274 637 1544 663; x_wconf 64' lang='lat' dir='ltr'>C‘imniunicarent¹</span> <span class='ocrx_word' id='word_1_61' title='bbox 1579 646 1644 663; x_wconf 76' lang='lat' dir='ltr'>cum</span> <span class='ocrx_word' id='word_1_62' title='bbox 1674 637 1737 662; x_wconf 84' lang='lat' dir='ltr'>aliis</span> <span class='ocrx_word' id='word_1_63' title='bbox 1767 637 1942 663; x_wconf 73' lang='lat' dir='ltr'>habentibus</span> <span class='ocrx_word' id='word_1_64' title='bbox 1973 637 2123 663; x_wconf 79' lang='lat' dir='ltr'>materiam</span> 
     </span>
     <span class='ocr_line' id='line_1_12' title="bbox 651 685 2123 722; baseline -0.001 -9"><span class='ocrx_word' id='word_1_65' title='bbox 651 696 725 722; x_wconf 72' lang='lat' dir='ltr'>qnae</span> <span class='ocrx_word' id='word_1_66' title='bbox 757 687 793 713; x_wconf 77' lang='lat' dir='ltr'>sit</span> <span class='ocrx_word' id='word_1_67' title='bbox 826 696 893 722; x_wconf 74' lang='lat' dir='ltr'>pars</span> <span class='ocrx_word' id='word_1_68' title='bbox 926 686 1107 712; x_wconf 72' lang='lat' dir='ltr'>substantiae</span> <span class='ocrx_word' id='word_1_69' title='bbox 1139 685 1179 712; x_wconf 76' lang='lat' dir='ltr'>rei</span> <span class='ocrx_word' id='word_1_70' title='bbox 1211 687 1237 712; x_wconf 94' lang='lat' dir='ltr'>in</span> <span class='ocrx_word' id='word_1_71' title='bbox 1271 685 1390 711; x_wconf 75' lang='lat' dir='ltr'>materia</span> <span class='ocrx_word' id='word_1_72' title='bbox 1424 685 1553 711; x_wconf 68' lang='lat' dir='ltr'>ciusdem</span> <span class='ocrx_word' id='word_1_73' title='bbox 1587 685 1714 717; x_wconf 76' lang='lat' dir='ltr'>rationis,</span> <span class='ocrx_word' id='word_1_74' title='bbox 1749 690 1829 720; x_wconf 83' lang='lat' dir='ltr'>patet</span> <span class='ocrx_word' id='word_1_75' title='bbox 1858 685 1908 711; x_wconf 83' lang='lat' dir='ltr'>sic.</span> <span class='ocrx_word' id='word_1_76' title='bbox 1929 685 2014 720; x_wconf 78' lang='lat' dir='ltr'>Quia,</span> <span class='ocrx_word' id='word_1_77' title='bbox 2043 686 2065 711; x_wconf 87' lang='lat' dir='ltr'>si</span> <span class='ocrx_word' id='word_1_78' title='bbox 2096 686 2123 712; x_wconf 92' lang='lat' dir='ltr'>in</span> 
     </span>
     <span class='ocr_line' id='line_1_13' title="bbox 650 734 2125 768; baseline -0.001 -6"><span class='ocrx_word' id='word_1_79' title='bbox 650 736 825 762; x_wconf 70' lang='lat' dir='ltr'>habentibus</span> <span class='ocrx_word' id='word_1_80' title='bbox 840 735 989 761; x_wconf 75' lang='lat' dir='ltr'>materiam</span> <span class='ocrx_word' id='word_1_81' title='bbox 1014 744 1070 761; x_wconf 86' lang='lat' dir='ltr'>non</span> <span class='ocrx_word' id='word_1_82' title='bbox 1092 734 1128 760; x_wconf 79' lang='lat' dir='ltr'>sit</span> <span class='ocrx_word' id='word_1_83' title='bbox 1146 735 1265 761; x_wconf 75' lang='lat' dir='ltr'>materia</span> <span class='ocrx_word' id='word_1_84' title='bbox 1287 734 1416 760; x_wconf 68' lang='lat' dir='ltr'>eiusdem</span> <span class='ocrx_word' id='word_1_85' title='bbox 1439 734 1567 764; x_wconf 74' lang='lat' dir='ltr'>rationis,</span> <span class='ocrx_word' id='word_1_86' title='bbox 1582 734 1722 760; x_wconf 77' lang='lat' dir='ltr'>materiae</span> <span class='ocrx_word' id='word_1_87' title='bbox 1742 734 1769 760; x_wconf 90' lang='lat' dir='ltr'>in</span> <span class='ocrx_word' id='word_1_88' title='bbox 1785 734 1827 760; x_wconf 83' lang='lat' dir='ltr'>eis</span> <span class='ocrx_word' id='word_1_89' title='bbox 1847 739 1895 760; x_wconf 87' lang='lat' dir='ltr'>aut</span> <span class='ocrx_word' id='word_1_90' title='bbox 1909 734 2125 768; x_wconf 77' lang='lat' dir='ltr'>distinguuntur</span> 
     </span>
     <span class='ocr_line' id='line_1_14' title="bbox 650 782 2125 819; baseline -0.001 -9"><span class='ocrx_word' id='word_1_91' title='bbox 650 785 782 819; x_wconf 73' lang='lat' dir='ltr'>seipsis,</span> <span class='ocrx_word' id='word_1_92' title='bbox 809 789 857 810; x_wconf 80' lang='lat' dir='ltr'>aut</span> <span class='ocrx_word' id='word_1_93' title='bbox 883 793 935 819; x_wconf 81' lang='lat' dir='ltr'>per</span> <span class='ocrx_word' id='word_1_94' title='bbox 962 788 1114 818; x_wconf 74' lang='lat' dir='ltr'>respectus</span> <span class='ocrx_word' id='word_1_95' title='bbox 1143 783 1179 809; x_wconf 76' lang='lat' dir='ltr'>arl</span> <span class='ocrx_word' id='word_1_96' title='bbox 1207 783 1339 809; x_wconf 65' lang='lat' dir='ltr'>diversas</span> <span class='ocrx_word' id='word_1_97' title='bbox 1366 783 1483 809; x_wconf 73' lang='lat' dir='ltr'>formas.</span> <span class='ocrx_word' id='word_1_98' title='bbox 1505 783 1601 808; x_wconf 75' lang='lat' dir='ltr'>Primo</span> <span class='ocrx_word' id='word_1_99' title='bbox 1631 782 1719 808; x_wconf 81' lang='lat' dir='ltr'>modo</span> <span class='ocrx_word' id='word_1_100' title='bbox 1749 791 1805 808; x_wconf 82' lang='lat' dir='ltr'>non</span> <span class='ocrx_word' id='word_1_101' title='bbox 1833 787 1929 817; x_wconf 69' lang='lat' dir='ltr'>potest</span> <span class='ocrx_word' id='word_1_102' title='bbox 1958 791 2032 814; x_wconf 69' lang='lat' dir='ltr'>esse,</span> <span class='ocrx_word' id='word_1_103' title='bbox 2058 783 2125 818; x_wconf 80' lang='lat' dir='ltr'>quia</span> 
     </span>
     <span class='ocr_line' id='line_1_15' title="bbox 651 831 2124 867; baseline -0.002 -7"><span class='ocrx_word' id='word_1_104' title='bbox 651 834 745 860; x_wconf 78' lang='lat' dir='ltr'>omnis</span> <span class='ocrx_word' id='word_1_105' title='bbox 771 833 920 859; x_wconf 63' lang='lat' dir='ltr'>‹listinutin</span> <span class='ocrx_word' id='word_1_106' title='bbox 937 837 980 858; x_wconf 75' lang='lat' dir='ltr'>est</span> <span class='ocrx_word' id='word_1_107' title='bbox 1008 841 1059 867; x_wconf 72' lang='lat' dir='ltr'>per</span> <span class='ocrx_word' id='word_1_108' title='bbox 1087 832 1211 866; x_wconf 77' lang='lat' dir='ltr'>aliquem</span> <span class='ocrx_word' id='word_1_109' title='bbox 1241 836 1346 863; x_wconf 81' lang='lat' dir='ltr'>actum,</span> <span class='ocrx_word' id='word_1_110' title='bbox 1374 832 1412 857; x_wconf 76' lang='lat' dir='ltr'>ita</span> <span class='ocrx_word' id='word_1_111' title='bbox 1439 831 1516 867; x_wconf 81' lang='lat' dir='ltr'>quod</span> <span class='ocrx_word' id='word_1_112' title='bbox 1543 831 1691 857; x_wconf 72' lang='lat' dir='ltr'>distinctio</span> <span class='ocrx_word' id='word_1_113' title='bbox 1708 831 1873 857; x_wconf 79' lang='lat' dir='ltr'>essentialis</span> <span class='ocrx_word' id='word_1_114' title='bbox 1893 836 1937 858; x_wconf 74' lang='lat' dir='ltr'>est</span> <span class='ocrx_word' id='word_1_115' title='bbox 1958 840 2009 866; x_wconf 86' lang='lat' dir='ltr'>per</span> <span class='ocrx_word' id='word_1_116' title='bbox 2029 836 2124 858; x_wconf 85' lang='lat' dir='ltr'>actum</span> 
     </span>
     <span class='ocr_line' id='line_1_16' title="bbox 652 879 2126 914; baseline -0.001 -7"><span class='ocrx_word' id='word_1_117' title='bbox 652 881 836 907; x_wconf 67' lang='lat' dir='ltr'>essentialem</span> <span class='ocrx_word' id='word_1_118' title='bbox 863 885 891 907; x_wconf 86' lang='lat' dir='ltr'>et</span> <span class='ocrx_word' id='word_1_119' title='bbox 917 879 1067 906; x_wconf 78' lang='lat' dir='ltr'>distinctio</span> <span class='ocrx_word' id='word_1_120' title='bbox 1094 879 1285 906; x_wconf 73' lang='lat' dir='ltr'>accidentalis</span> <span class='ocrx_word' id='word_1_121' title='bbox 1312 889 1364 914; x_wconf 70' lang='lat' dir='ltr'>per</span> <span class='ocrx_word' id='word_1_122' title='bbox 1387 885 1482 905; x_wconf 67' lang='lat' dir='ltr'>actum</span> <span class='ocrx_word' id='word_1_123' title='bbox 1510 879 1731 905; x_wconf 59' lang='lat' dir='ltr'>accidentalem.</span> <span class='ocrx_word' id='word_1_124' title='bbox 1756 879 1814 905; x_wconf 75' lang='lat' dir='ltr'>sed</span> <span class='ocrx_word' id='word_1_125' title='bbox 1837 879 1957 905; x_wconf 80' lang='lat' dir='ltr'>materia</span> <span class='ocrx_word' id='word_1_126' title='bbox 1981 879 2018 905; x_wconf 84' lang='lat' dir='ltr'>de</span> <span class='ocrx_word' id='word_1_127' title='bbox 2041 888 2098 914; x_wconf 87' lang='lat' dir='ltr'>qua</span> <span class='ocrx_word' id='word_1_128' title='bbox 2116 880 2126 895; x_wconf 78' lang='lat'>²</span> 
     </span>
     <span class='ocr_line' id='line_1_17' title="bbox 651 928 2126 964; baseline -0.001 -8"><span class='ocrx_word' id='word_1_129' title='bbox 651 939 726 956; x_wconf 85' lang='lat' dir='ltr'>nunc</span> <span class='ocrx_word' id='word_1_130' title='bbox 747 929 898 964; x_wconf 74' lang='lat' dir='ltr'>loquimur,</span> <span class='ocrx_word' id='word_1_131' title='bbox 919 938 977 955; x_wconf 87' lang='lat' dir='ltr'>non</span> <span class='ocrx_word' id='word_1_132' title='bbox 998 929 1068 955; x_wconf 81' lang='lat' dir='ltr'>(licit</span> <span class='ocrx_word' id='word_1_133' title='bbox 1089 928 1214 963; x_wconf 77' lang='lat' dir='ltr'>aliquem</span> <span class='ocrx_word' id='word_1_134' title='bbox 1235 933 1340 959; x_wconf 74' lang='lat' dir='ltr'>actum,</span> <span class='ocrx_word' id='word_1_135' title='bbox 1361 928 1412 954; x_wconf 76' lang='lat' dir='ltr'>scd</span> <span class='ocrx_word' id='word_1_136' title='bbox 1443 937 1543 963; x_wconf 79' lang='lat' dir='ltr'>puram</span> <span class='ocrx_word' id='word_1_137' title='bbox 1571 928 1740 962; x_wconf 71' lang='lat' dir='ltr'>potentiam.</span> <span class='ocrx_word' id='word_1_138' title='bbox 1771 928 1847 961; x_wconf 73' lang='lat' dir='ltr'>Ergo</span> <span class='ocrx_word' id='word_1_139' title='bbox 1874 933 1902 954; x_wconf 80' lang='lat' dir='ltr'>et</span> <span class='ocrx_word' id='word_1_140' title='bbox 1929 933 2035 955; x_wconf 73' lang='lat' dir='ltr'>cetera.</span> <span class='ocrx_word' id='word_1_141' title='bbox 2064 928 2126 954; x_wconf 77' lang='lat' dir='ltr'>Nec</span> 
     </span>
     <span class='ocr_line' id='line_1_18' title="bbox 652 976 2127 1013; baseline -0.001 -9"><span class='ocrx_word' id='word_1_142' title='bbox 652 979 738 1005; x_wconf 70' lang='lat' dir='ltr'>etiarn</span> <span class='ocrx_word' id='word_1_143' title='bbox 769 983 865 1013; x_wconf 79' lang='lat' dir='ltr'>potest</span> <span class='ocrx_word' id='word_1_144' title='bbox 891 986 956 1004; x_wconf 75' lang='lat' dir='ltr'>esse</span> <span class='ocrx_word' id='word_1_145' title='bbox 983 977 1050 1003; x_wconf 74' lang='lat' dir='ltr'>tulis</span> <span class='ocrx_word' id='word_1_146' title='bbox 1075 977 1224 1003; x_wconf 76' lang='lat' dir='ltr'>distinctio</span> <span class='ocrx_word' id='word_1_147' title='bbox 1254 986 1306 1012; x_wconf 78' lang='lat' dir='ltr'>per</span> <span class='ocrx_word' id='word_1_148' title='bbox 1335 982 1488 1012; x_wconf 69' lang='lat' dir='ltr'>respectus</span> <span class='ocrx_word' id='word_1_149' title='bbox 1503 978 1520 1008; x_wconf 72' lang='lat'>²¹,</span> <span class='ocrx_word' id='word_1_150' title='bbox 1551 976 1652 1011; x_wconf 71' lang='lat' dir='ltr'>prium,</span> <span class='ocrx_word' id='word_1_151' title='bbox 1682 977 1748 1011; x_wconf 76' lang='lat' dir='ltr'>quia</span> <span class='ocrx_word' id='word_1_152' title='bbox 1778 985 1842 1002; x_wconf 87' lang='lat' dir='ltr'>cum</span> <span class='ocrx_word' id='word_1_153' title='bbox 1873 977 1947 1003; x_wconf 79' lang='lat' dir='ltr'>tales</span> <span class='ocrx_word' id='word_1_154' title='bbox 1976 981 2127 1012; x_wconf 75' lang='lat' dir='ltr'>respectus</span> 
     </span>
     <span class='ocr_line' id='line_1_19' title="bbox 653 1025 2127 1062; baseline -0.001 -8"><span class='ocrx_word' id='word_1_155' title='bbox 653 1028 720 1054; x_wconf 87' lang='lat' dir='ltr'>nihil</span> <span class='ocrx_word' id='word_1_156' title='bbox 742 1027 850 1053; x_wconf 72' lang='lat' dir='ltr'>addunt</span> <span class='ocrx_word' id='word_1_157' title='bbox 873 1036 961 1062; x_wconf 66' lang='lat' dir='ltr'>super</span> <span class='ocrx_word' id='word_1_158' title='bbox 983 1026 1139 1052; x_wconf 70' lang='lat' dir='ltr'>essentiam</span> <span class='ocrx_word' id='word_1_159' title='bbox 1168 1026 1306 1052; x_wconf 70' lang='lat' dir='ltr'>materiae</span> <span class='ocrx_word' id='word_1_160' title='bbox 1333 1030 1361 1051; x_wconf 78' lang='lat' dir='ltr'>et</span> <span class='ocrx_word' id='word_1_161' title='bbox 1386 1025 1441 1052; x_wconf 65' lang='lat' dir='ltr'>sint</span> <span class='ocrx_word' id='word_1_162' title='bbox 1466 1026 1643 1060; x_wconf 70' lang='lat' dir='ltr'>posteriores</span> <span class='ocrx_word' id='word_1_163' title='bbox 1658 1034 1701 1057; x_wconf 69' lang='lat' dir='ltr'>va.</span> <span class='ocrx_word' id='word_1_164' title='bbox 1722 1034 1778 1051; x_wconf 87' lang='lat' dir='ltr'>non</span> <span class='ocrx_word' id='word_1_165' title='bbox 1803 1030 1938 1060; x_wconf 79' lang='lat' dir='ltr'>poterunt</span> <span class='ocrx_word' id='word_1_166' title='bbox 1958 1034 2024 1052; x_wconf 78' lang='lat' dir='ltr'>esse</span> <span class='ocrx_word' id='word_1_167' title='bbox 2038 1034 2127 1052; x_wconf 84' lang='lat' dir='ltr'>causa</span> 
     </span>
     <span class='ocr_line' id='line_1_20' title="bbox 653 1074 2128 1110; baseline -0.001 -8"><span class='ocrx_word' id='word_1_168' title='bbox 653 1076 848 1103; x_wconf 82' lang='lat' dir='ltr'>distinctionis</span> <span class='ocrx_word' id='word_1_169' title='bbox 874 1075 1013 1101; x_wconf 78' lang='lat' dir='ltr'>materiae</span> <span class='ocrx_word' id='word_1_170' title='bbox 1040 1084 1092 1110; x_wconf 79' lang='lat' dir='ltr'>per</span> <span class='ocrx_word' id='word_1_171' title='bbox 1118 1074 1293 1102; x_wconf 69' lang='lat' dir='ltr'>essentiam:</span> <span class='ocrx_word' id='word_1_172' title='bbox 1321 1074 1459 1102; x_wconf 67' lang='lat' dir='ltr'>secundo,</span> <span class='ocrx_word' id='word_1_173' title='bbox 1483 1074 1549 1108; x_wconf 77' lang='lat' dir='ltr'>quia</span> <span class='ocrx_word' id='word_1_174' title='bbox 1575 1074 1597 1100; x_wconf 71' lang='lat' dir='ltr'>si</span> <span class='ocrx_word' id='word_1_175' title='bbox 1622 1074 1728 1100; x_wconf 66' lang='lat' dir='ltr'>dix-vrsi</span> <span class='ocrx_word' id='word_1_176' title='bbox 1757 1079 1908 1109; x_wconf 72' lang='lat' dir='ltr'>respectus</span> <span class='ocrx_word' id='word_1_177' title='bbox 1933 1074 1968 1099; x_wconf 81' lang='lat' dir='ltr'>ad</span> <span class='ocrx_word' id='word_1_178' title='bbox 1996 1074 2128 1100; x_wconf 77' lang='lat' dir='ltr'>diversas</span> 
     </span>
     <span class='ocr_line' id='line_1_21' title="bbox 654 1122 2128 1158; baseline -0.002 -7"><span class='ocrx_word' id='word_1_179' title='bbox 654 1125 762 1151; x_wconf 70' lang='lat' dir='ltr'>formas</span> <span class='ocrx_word' id='word_1_180' title='bbox 789 1133 896 1158; x_wconf 69' lang='lat' dir='ltr'>genere</span> <span class='ocrx_word' id='word_1_181' title='bbox 924 1124 1054 1150; x_wconf 74' lang='lat' dir='ltr'>facerent</span> <span class='ocrx_word' id='word_1_182' title='bbox 1081 1123 1213 1149; x_wconf 73' lang='lat' dir='ltr'>diversus</span> <span class='ocrx_word' id='word_1_183' title='bbox 1239 1123 1375 1149; x_wconf 72' lang='lat' dir='ltr'>materias</span> <span class='ocrx_word' id='word_1_184' title='bbox 1401 1132 1518 1156; x_wconf 69' lang='lat' dir='ltr'>geni-re,</span> <span class='ocrx_word' id='word_1_185' title='bbox 1545 1123 1584 1148; x_wconf 76' lang='lat' dir='ltr'>ita</span> <span class='ocrx_word' id='word_1_186' title='bbox 1613 1122 1721 1148; x_wconf 77' lang='lat' dir='ltr'>diversi</span> <span class='ocrx_word' id='word_1_187' title='bbox 1755 1127 1906 1158; x_wconf 74' lang='lat' dir='ltr'>respectus</span> <span class='ocrx_word' id='word_1_188' title='bbox 1933 1122 1969 1148; x_wconf 86' lang='lat' dir='ltr'>ad</span> <span class='ocrx_word' id='word_1_189' title='bbox 1996 1122 2128 1149; x_wconf 77' lang='lat' dir='ltr'>diversas</span> 
     </span>
     <span class='ocr_line' id='line_1_22' title="bbox 654 1171 2127 1208; baseline -0.001 -9"><span class='ocrx_word' id='word_1_190' title='bbox 654 1174 762 1200; x_wconf 74' lang='lat' dir='ltr'>formas</span> <span class='ocrx_word' id='word_1_191' title='bbox 788 1173 887 1208; x_wconf 72' lang='lat' dir='ltr'>sp‹·cie</span> <span class='ocrx_word' id='word_1_192' title='bbox 902 1174 910 1187; x_wconf 76' lang='lat'>¹</span> <span class='ocrx_word' id='word_1_193' title='bbox 931 1172 1039 1198; x_wconf 76' lang='lat' dir='ltr'>facient</span> <span class='ocrx_word' id='word_1_194' title='bbox 1054 1173 1064 1186; x_wconf 69' lang='lat'><strong>³</strong></span> <span class='ocrx_word' id='word_1_195' title='bbox 1083 1172 1214 1197; x_wconf 71' lang='lat' dir='ltr'>diversas</span> <span class='ocrx_word' id='word_1_196' title='bbox 1242 1171 1378 1198; x_wconf 72' lang='lat' dir='ltr'>materias</span> <span class='ocrx_word' id='word_1_197' title='bbox 1393 1173 1403 1186; x_wconf 77' lang='lat'>⁶</span> <span class='ocrx_word' id='word_1_198' title='bbox 1428 1171 1537 1206; x_wconf 76' lang='lat' dir='ltr'>specie.</span> <span class='ocrx_word' id='word_1_199' title='bbox 1560 1171 1639 1206; x_wconf 81' lang='lat' dir='ltr'>quod</span> <span class='ocrx_word' id='word_1_200' title='bbox 1660 1171 1763 1197; x_wconf 82' lang='lat' dir='ltr'>salsum</span> <span class='ocrx_word' id='word_1_201' title='bbox 1792 1176 1843 1197; x_wconf 83' lang='lat' dir='ltr'>est.</span> <span class='ocrx_word' id='word_1_202' title='bbox 1866 1171 1942 1205; x_wconf 71' lang='lat' dir='ltr'>Ergo</span> <span class='ocrx_word' id='word_1_203' title='bbox 1971 1176 2000 1198; x_wconf 86' lang='lat' dir='ltr'>et</span> <span class='ocrx_word' id='word_1_204' title='bbox 2021 1176 2127 1198; x_wconf 86' lang='lat' dir='ltr'>cetera.</span> 
     </span>
     <span class='ocr_line' id='line_1_23' title="bbox 655 1220 2114 1254; baseline -0.001 -6"><span class='ocrx_word' id='word_1_205' title='bbox 655 1223 726 1249; x_wconf 81' lang='lat' dir='ltr'>Item</span> <span class='ocrx_word' id='word_1_206' title='bbox 748 1222 844 1252; x_wconf 73' lang='lat' dir='ltr'>ctiam,</span> <span class='ocrx_word' id='word_1_207' title='bbox 870 1221 893 1247; x_wconf 72' lang='lat' dir='ltr'>si</span> <span class='ocrx_word' id='word_1_208' title='bbox 920 1221 1040 1247; x_wconf 72' lang='lat' dir='ltr'>materia</span> <span class='ocrx_word' id='word_1_209' title='bbox 1068 1225 1112 1246; x_wconf 77' lang='lat' dir='ltr'>cst</span> <span class='ocrx_word' id='word_1_210' title='bbox 1138 1221 1165 1246; x_wconf 93' lang='lat' dir='ltr'>in</span> <span class='ocrx_word' id='word_1_211' title='bbox 1192 1220 1313 1254; x_wconf 67' lang='lat' dir='ltr'>angelis,</span> <span class='ocrx_word' id='word_1_212' title='bbox 1334 1220 1435 1246; x_wconf 75' lang='lat' dir='ltr'>saltem</span> <span class='ocrx_word' id='word_1_213' title='bbox 1457 1220 1577 1246; x_wconf 74' lang='lat' dir='ltr'>materia</span> <span class='ocrx_word' id='word_1_214' title='bbox 1598 1229 1674 1254; x_wconf 81' lang='lat' dir='ltr'>quae</span> <span class='ocrx_word' id='word_1_215' title='bbox 1694 1224 1738 1246; x_wconf 78' lang='lat' dir='ltr'>est</span> <span class='ocrx_word' id='word_1_216' title='bbox 1765 1221 1791 1246; x_wconf 91' lang='lat' dir='ltr'>in</span> <span class='ocrx_word' id='word_1_217' title='bbox 1817 1220 1952 1246; x_wconf 88' lang='lat' dir='ltr'>omnibus</span> <span class='ocrx_word' id='word_1_218' title='bbox 1973 1220 2084 1253; x_wconf 67' lang='lat' dir='ltr'>angelis</span> <span class='ocrx_word' id='word_1_219' title='bbox 2110 1221 2114 1253; x_wconf 94' lang='grc' dir='ltr'>Ι</span> 
     </span>
     <span class='ocr_line' id='line_1_24' title="bbox 655 1268 2129 1304; baseline -0.001 -7"><span class='ocrx_word' id='word_1_220' title='bbox 655 1271 707 1297; x_wconf 80' lang='lat' dir='ltr'>crit</span> <span class='ocrx_word' id='word_1_221' title='bbox 731 1271 861 1297; x_wconf 73' lang='lat' dir='ltr'>ciusdem</span> <span class='ocrx_word' id='word_1_222' title='bbox 893 1271 1030 1301; x_wconf 70' lang='lat' dir='ltr'>rationis3</span> <span class='ocrx_word' id='word_1_223' title='bbox 1059 1274 1087 1296; x_wconf 69' lang='lat' dir='ltr'>et</span> <span class='ocrx_word' id='word_1_224' title='bbox 1111 1279 1175 1295; x_wconf 85' lang='lat' dir='ltr'>cnm</span> <span class='ocrx_word' id='word_1_225' title='bbox 1200 1269 1288 1304; x_wconf 69' lang='lat' dir='ltr'>aliqui</span> <span class='ocrx_word' id='word_1_226' title='bbox 1313 1269 1408 1302; x_wconf 65' lang='lat' dir='ltr'>angeli</span> <span class='ocrx_word' id='word_1_227' title='bbox 1439 1269 1574 1295; x_wconf 71' lang='lat' dir='ltr'>differant</span> <span class='ocrx_word' id='word_1_228' title='bbox 1604 1269 1640 1294; x_wconf 79' lang='lat' dir='ltr'>ab</span> <span class='ocrx_word' id='word_1_229' title='bbox 1667 1268 1791 1295; x_wconf 77' lang='lat' dir='ltr'>invicem</span> <span class='ocrx_word' id='word_1_230' title='bbox 1818 1269 1926 1304; x_wconf 77' lang='lat' dir='ltr'>specie,</span> <span class='ocrx_word' id='word_1_231' title='bbox 1952 1269 2026 1295; x_wconf 77' lang='lat' dir='ltr'>tales</span> <span class='ocrx_word' id='word_1_232' title='bbox 2046 1273 2129 1295; x_wconf 75' lang='lat' dir='ltr'>erunt</span> 
     </span>
     <span class='ocr_line' id='line_1_25' title="bbox 655 1317 2128 1353; baseline -0.002 -7"><span class='ocrx_word' id='word_1_233' title='bbox 655 1320 691 1346; x_wconf 65' lang='lat' dir='ltr'>ad</span> <span class='ocrx_word' id='word_1_234' title='bbox 715 1320 839 1346; x_wconf 73' lang='lat' dir='ltr'>invicem</span> <span class='ocrx_word' id='word_1_235' title='bbox 864 1319 1109 1345; x_wconf 76' lang='lat' dir='ltr'>transmutabiles.</span> <span class='ocrx_word' id='word_1_236' title='bbox 1134 1334 1162 1337; x_wconf 89' lang='lat'>--</span> <span class='ocrx_word' id='word_1_237' title='bbox 1190 1318 1219 1344; x_wconf 76' lang='lat' dir='ltr'>si</span> <span class='ocrx_word' id='word_1_238' title='bbox 1246 1318 1360 1343; x_wconf 64' lang='lat' dir='ltr'>(litatur</span> <span class='ocrx_word' id='word_1_239' title='bbox 1383 1318 1419 1344; x_wconf 65' lang='lat' dir='ltr'>anl</span> <span class='ocrx_word' id='word_1_240' title='bbox 1444 1318 1497 1343; x_wconf 70' lang='lat' dir='ltr'>hoc</span> <span class='ocrx_word' id='word_1_241' title='bbox 1519 1317 1596 1352; x_wconf 73' lang='lat' dir='ltr'>quod</span> <span class='ocrx_word' id='word_1_242' title='bbox 1618 1318 1690 1344; x_wconf 78' lang='lat' dir='ltr'>hacc</span> <span class='ocrx_word' id='word_1_243' title='bbox 1713 1317 1787 1344; x_wconf 84' lang='lat' dir='ltr'>ratio</span> <span class='ocrx_word' id='word_1_244' title='bbox 1808 1327 1864 1344; x_wconf 86' lang='lat' dir='ltr'>non</span> <span class='ocrx_word' id='word_1_245' title='bbox 1885 1317 2041 1349; x_wconf 78' lang='lat' dir='ltr'>concludit,</span> <span class='ocrx_word' id='word_1_246' title='bbox 2061 1317 2128 1353; x_wconf 90' lang='lat' dir='ltr'>quia</span> 
     </span>
     <span class='ocr_line' id='line_1_26' title="bbox 654 1366 2129 1404; baseline -0.002 -9"><span class='ocrx_word' id='word_1_247' title='bbox 654 1374 780 1404; x_wconf 79' lang='lat' dir='ltr'>pom-tur</span> <span class='ocrx_word' id='word_1_248' title='bbox 803 1368 881 1403; x_wconf 79' lang='lat' dir='ltr'>quod</span> <span class='ocrx_word' id='word_1_249' title='bbox 907 1367 999 1393; x_wconf 74' lang='lat' dir='ltr'>forma</span> <span class='ocrx_word' id='word_1_250' title='bbox 1023 1367 1076 1393; x_wconf 81' lang='lat' dir='ltr'>erit</span> <span class='ocrx_word' id='word_1_251' title='bbox 1093 1368 1100 1382; x_wconf 76' lang='lat'>⁷</span> <span class='ocrx_word' id='word_1_252' title='bbox 1128 1367 1165 1393; x_wconf 86' lang='lat' dir='ltr'>ita</span> <span class='ocrx_word' id='word_1_253' title='bbox 1192 1366 1298 1392; x_wconf 73' lang='lat' dir='ltr'>nobilis</span> <span class='ocrx_word' id='word_1_254' title='bbox 1321 1366 1399 1401; x_wconf 76' lang='lat' dir='ltr'>qnod</span> <span class='ocrx_word' id='word_1_255' title='bbox 1423 1366 1558 1392; x_wconf 74' lang='lat' dir='ltr'>terminet</span> <span class='ocrx_word' id='word_1_256' title='bbox 1573 1368 1583 1381; x_wconf 72' lang='lat'>’³</span> <span class='ocrx_word' id='word_1_257' title='bbox 1607 1371 1699 1392; x_wconf 90' lang='lat' dir='ltr'>totum</span> <span class='ocrx_word' id='word_1_258' title='bbox 1721 1367 1881 1402; x_wconf 82' lang='lat' dir='ltr'>appetitum</span> <span class='ocrx_word' id='word_1_259' title='bbox 1903 1367 2051 1398; x_wconf 68' lang='lat' dir='ltr'>materiae,</span> <span class='ocrx_word' id='word_1_260' title='bbox 2071 1375 2129 1393; x_wconf 88' lang='lat' dir='ltr'>non</span> 
     </span>
     <span class='ocr_line' id='line_1_27' title="bbox 654 1415 2130 1451; baseline -0.002 -7"><span class='ocrx_word' id='word_1_261' title='bbox 654 1418 741 1444; x_wconf 71' lang='lat' dir='ltr'>valet.</span> <span class='ocrx_word' id='word_1_262' title='bbox 763 1417 839 1451; x_wconf 73' lang='lat' dir='ltr'>Quia</span> <span class='ocrx_word' id='word_1_263' title='bbox 866 1417 902 1442; x_wconf 79' lang='lat' dir='ltr'>(le</span> <span class='ocrx_word' id='word_1_264' title='bbox 929 1416 1041 1442; x_wconf 76' lang='lat' dir='ltr'>ratione</span> <span class='ocrx_word' id='word_1_265' title='bbox 1063 1425 1151 1451; x_wconf 77' lang='lat' dir='ltr'>purae</span> <span class='ocrx_word' id='word_1_266' title='bbox 1173 1416 1323 1449; x_wconf 76' lang='lat' dir='ltr'>potentiae</span> <span class='ocrx_word' id='word_1_267' title='bbox 1350 1420 1393 1441; x_wconf 71' lang='lat' dir='ltr'>est</span> <span class='ocrx_word' id='word_1_268' title='bbox 1419 1415 1527 1441; x_wconf 80' lang='lat' dir='ltr'>habere</span> <span class='ocrx_word' id='word_1_269' title='bbox 1556 1415 1718 1450; x_wconf 78' lang='lat' dir='ltr'>appetitum</span> <span class='ocrx_word' id='word_1_270' title='bbox 1745 1415 1781 1441; x_wconf 88' lang='lat' dir='ltr'>ad</span> <span class='ocrx_word' id='word_1_271' title='bbox 1807 1424 1923 1441; x_wconf 87' lang='lat' dir='ltr'>omnem</span> <span class='ocrx_word' id='word_1_272' title='bbox 1950 1415 2073 1441; x_wconf 78' lang='lat' dir='ltr'>sormam</span> <span class='ocrx_word' id='word_1_273' title='bbox 2101 1419 2130 1442; x_wconf 91' lang='lat' dir='ltr'>et</span> 
     </span>
     <span class='ocr_line' id='line_1_28' title="bbox 655 1462 2131 1497; baseline -0.001 -6"><span class='ocrx_word' id='word_1_274' title='bbox 655 1474 712 1491; x_wconf 78' lang='lat' dir='ltr'>non</span> <span class='ocrx_word' id='word_1_275' title='bbox 733 1465 769 1491; x_wconf 79' lang='lat' dir='ltr'>ad</span> <span class='ocrx_word' id='word_1_276' title='bbox 797 1474 881 1490; x_wconf 75' lang='lat' dir='ltr'>unani</span> <span class='ocrx_word' id='word_1_277' title='bbox 911 1464 1151 1490; x_wconf 70' lang='lat' dir='ltr'>determinatam:</span> <span class='ocrx_word' id='word_1_278' title='bbox 1184 1467 1211 1489; x_wconf 86' lang='lat' dir='ltr'>et</span> <span class='ocrx_word' id='word_1_279' title='bbox 1238 1463 1305 1489; x_wconf 84' lang='lat' dir='ltr'>dum</span> <span class='ocrx_word' id='word_1_280' title='bbox 1326 1467 1370 1489; x_wconf 80' lang='lat' dir='ltr'>est</span> <span class='ocrx_word' id='word_1_281' title='bbox 1398 1462 1522 1489; x_wconf 78' lang='lat' dir='ltr'>formata</span> <span class='ocrx_word' id='word_1_282' title='bbox 1547 1471 1603 1488; x_wconf 75' lang='lat' dir='ltr'>una</span> <span class='ocrx_word' id='word_1_283' title='bbox 1630 1462 1742 1489; x_wconf 76' lang='lat' dir='ltr'>illarum</span> <span class='ocrx_word' id='word_1_284' title='bbox 1769 1467 2036 1497; x_wconf 81' lang='lat' dir='ltr'>quantumcumque</span> <span class='ocrx_word' id='word_1_285' title='bbox 2063 1464 2131 1489; x_wconf 74' lang='lat' dir='ltr'>est⁰</span> 
     </span>
     <span class='ocr_line' id='line_1_29' title="bbox 655 1511 2130 1549; baseline -0.002 -9"><span class='ocrx_word' id='word_1_286' title='bbox 655 1514 795 1549; x_wconf 63' lang='lat' dir='ltr'>perfecta,</span> <span class='ocrx_word' id='word_1_287' title='bbox 825 1518 869 1539; x_wconf 75' lang='lat' dir='ltr'>cst</span> <span class='ocrx_word' id='word_1_288' title='bbox 887 1515 906 1528; x_wconf 81' lang='lat'>¹⁰</span> <span class='ocrx_word' id='word_1_289' title='bbox 932 1513 1024 1548; x_wconf 76' lang='lat' dir='ltr'>turpis</span> <span class='ocrx_word' id='word_1_290' title='bbox 1050 1517 1078 1539; x_wconf 81' lang='lat' dir='ltr'>et</span> <span class='ocrx_word' id='word_1_291' title='bbox 1106 1512 1238 1538; x_wconf 73' lang='lat' dir='ltr'>informis</span> <span class='ocrx_word' id='word_1_292' title='bbox 1264 1516 1402 1546; x_wconf 84' lang='lat' dir='ltr'>quantum</span> <span class='ocrx_word' id='word_1_293' title='bbox 1432 1511 1468 1538; x_wconf 81' lang='lat' dir='ltr'>ad</span> <span class='ocrx_word' id='word_1_294' title='bbox 1489 1511 1583 1538; x_wconf 85' lang='lat' dir='ltr'>aliam.</span> <span class='ocrx_word' id='word_1_295' title='bbox 1610 1511 1696 1539; x_wconf 83' lang='lat' dir='ltr'>Unde</span> <span class='ocrx_word' id='word_1_296' title='bbox 1718 1520 1829 1546; x_wconf 84' lang='lat' dir='ltr'>ponere</span> <span class='ocrx_word' id='word_1_297' title='bbox 1852 1511 1880 1538; x_wconf 93' lang='lat' dir='ltr'>in</span> <span class='ocrx_word' id='word_1_298' title='bbox 1903 1520 1974 1547; x_wconf 85' lang='lat' dir='ltr'>pura</span> <span class='ocrx_word' id='word_1_299' title='bbox 1998 1512 2130 1547; x_wconf 72' lang='lat' dir='ltr'>putentia</span> 
     </span>
     <span class='ocr_line' id='line_1_30' title="bbox 656 1560 2130 1598; baseline -0.001 -10"><span class='ocrx_word' id='word_1_300' title='bbox 656 1562 816 1598; x_wconf 78' lang='lat' dir='ltr'>appetitum</span> <span class='ocrx_word' id='word_1_301' title='bbox 850 1562 978 1588; x_wconf 78' lang='lat' dir='ltr'>totaliter</span> <span class='ocrx_word' id='word_1_302' title='bbox 1015 1561 1199 1588; x_wconf 80' lang='lat' dir='ltr'>terminatum</span> <span class='ocrx_word' id='word_1_303' title='bbox 1239 1569 1291 1595; x_wconf 82' lang='lat' dir='ltr'>per</span> <span class='ocrx_word' id='word_1_304' title='bbox 1323 1569 1407 1586; x_wconf 87' lang='lat' dir='ltr'>unam</span> <span class='ocrx_word' id='word_1_305' title='bbox 1447 1560 1568 1586; x_wconf 80' lang='lat' dir='ltr'>sormam</span> <span class='ocrx_word' id='word_1_306' title='bbox 1601 1560 1663 1586; x_wconf 76' lang='lat' dir='ltr'>sive</span> <span class='ocrx_word' id='word_1_307' title='bbox 1701 1565 1822 1595; x_wconf 86' lang='lat' dir='ltr'>propter</span> <span class='ocrx_word' id='word_1_308' title='bbox 1858 1560 2130 1587; x_wconf 79' lang='lat' dir='ltr'>determinationem</span> 
     </span>
     <span class='ocr_line' id='line_1_31' title="bbox 656 1608 2131 1644; baseline -0.002 -6"><span class='ocrx_word' id='word_1_309' title='bbox 656 1611 795 1638; x_wconf 86' lang='lat' dir='ltr'>materiae</span> <span class='ocrx_word' id='word_1_310' title='bbox 816 1611 852 1637; x_wconf 78' lang='lat' dir='ltr'>ad</span> <span class='ocrx_word' id='word_1_311' title='bbox 873 1611 1096 1637; x_wconf 81' lang='lat' dir='ltr'>determinatam</span> <span class='ocrx_word' id='word_1_312' title='bbox 1117 1609 1239 1636; x_wconf 82' lang='lat' dir='ltr'>sormam</span> <span class='ocrx_word' id='word_1_313' title='bbox 1264 1609 1326 1636; x_wconf 80' lang='lat' dir='ltr'>sive</span> <span class='ocrx_word' id='word_1_314' title='bbox 1343 1611 1361 1625; x_wconf 91' lang='lat'>¹¹</span> <span class='ocrx_word' id='word_1_315' title='bbox 1385 1614 1506 1644; x_wconf 81' lang='lat' dir='ltr'>propter</span> <span class='ocrx_word' id='word_1_316' title='bbox 1528 1609 1711 1637; x_wconf 73' lang='lat' dir='ltr'>nobilitatem</span> <span class='ocrx_word' id='word_1_317' title='bbox 1740 1614 1769 1635; x_wconf 82' lang='lat' dir='ltr'>et</span> <span class='ocrx_word' id='word_1_318' title='bbox 1791 1609 1996 1636; x_wconf 81' lang='lat' dir='ltr'>excellentiam</span> <span class='ocrx_word' id='word_1_319' title='bbox 2017 1608 2131 1635; x_wconf 81' lang='lat' dir='ltr'>virtutis</span> 
     </span>
     <span class='ocr_line' id='line_1_32' title="bbox 656 1659 1069 1692; baseline -0.002 -6"><span class='ocrx_word' id='word_1_320' title='bbox 656 1660 778 1692; x_wconf 68' lang='lat' dir='ltr'>formae,</span> <span class='ocrx_word' id='word_1_321' title='bbox 798 1664 842 1686; x_wconf 78' lang='lat' dir='ltr'>cst</span> <span class='ocrx_word' id='word_1_322' title='bbox 862 1659 1069 1686; x_wconf 85' lang='lat' dir='ltr'>irrationabile.</span> 
     </span>
    </p>

    <p class='ocr_par' dir='ltr' id='par_1_6' title="bbox 656 1706 2136 2327">
     <span class='ocr_line' id='line_1_33' title="bbox 744 1706 2131 1743; baseline -0.001 -8"><span class='ocrx_word' id='word_1_323' title='bbox 744 1708 880 1735; x_wconf 77' lang='lat' dir='ltr'>Secunda</span> <span class='ocrx_word' id='word_1_324' title='bbox 912 1707 986 1734; x_wconf 85' lang='lat' dir='ltr'>ratio</span> <span class='ocrx_word' id='word_1_325' title='bbox 1020 1707 1190 1743; x_wconf 77' lang='lat' dir='ltr'>principalis</span> <span class='ocrx_word' id='word_1_326' title='bbox 1222 1707 1287 1733; x_wconf 81' lang='lat' dir='ltr'>talis</span> <span class='ocrx_word' id='word_1_327' title='bbox 1319 1712 1372 1733; x_wconf 85' lang='lat' dir='ltr'>est.</span> <span class='ocrx_word' id='word_1_328' title='bbox 1402 1707 1499 1733; x_wconf 83' lang='lat' dir='ltr'>Virtus</span> <span class='ocrx_word' id='word_1_329' title='bbox 1531 1707 1613 1733; x_wconf 79' lang='lat' dir='ltr'>cuius</span> <span class='ocrx_word' id='word_1_330' title='bbox 1645 1706 1778 1742; x_wconf 82' lang='lat' dir='ltr'>operatio</span> <span class='ocrx_word' id='word_1_331' title='bbox 1807 1711 1852 1733; x_wconf 83' lang='lat' dir='ltr'>est</span> <span class='ocrx_word' id='word_1_332' title='bbox 1881 1706 2044 1741; x_wconf 83' lang='lat' dir='ltr'>intelligere</span> <span class='ocrx_word' id='word_1_333' title='bbox 2072 1715 2131 1733; x_wconf 89' lang='lat' dir='ltr'>non</span> 
     </span>
     <span class='ocr_line' id='line_1_34' title="bbox 657 1748 2131 1794; baseline -0.002 -10"><span class='ocrx_word' id='word_1_334' title='bbox 657 1762 754 1793; x_wconf 77' lang='lat' dir='ltr'>potest</span> <span class='ocrx_word' id='word_1_335' title='bbox 782 1766 848 1784; x_wconf 85' lang='lat' dir='ltr'>esse</span> <span class='ocrx_word' id='word_1_336' title='bbox 877 1758 1012 1794; x_wconf 80' lang='lat' dir='ltr'>immersa</span> <span class='ocrx_word' id='word_1_337' title='bbox 1041 1756 1181 1782; x_wconf 83' lang='lat' dir='ltr'>materiae</span> <span class='ocrx_word' id='word_1_338' title='bbox 1211 1765 1286 1791; x_wconf 80' lang='lat' dir='ltr'>quac</span> <span class='ocrx_word' id='word_1_339' title='bbox 1313 1760 1357 1782; x_wconf 89' lang='lat' dir='ltr'>est</span> <span class='ocrx_word' id='word_1_340' title='bbox 1384 1755 1516 1791; x_wconf 83' lang='lat' dir='ltr'>potentia</span> <span class='ocrx_word' id='word_1_341' title='bbox 1543 1764 1623 1790; x_wconf 87' lang='lat' dir='ltr'>pura.</span> <span class='ocrx_word' id='word_1_342' title='bbox 1648 1748 1791 1791; x_wconf 66' lang='lat' dir='ltr'>O⁴peratio</span> <span class='ocrx_word' id='word_1_343' title='bbox 1818 1755 1894 1782; x_wconf 89' lang='lat' dir='ltr'>enim</span> <span class='ocrx_word' id='word_1_344' title='bbox 1922 1760 1980 1782; x_wconf 86' lang='lat' dir='ltr'>tam</span> <span class='ocrx_word' id='word_1_345' title='bbox 2008 1755 2131 1782; x_wconf 86' lang='lat' dir='ltr'>actualis</span> 
     </span>
     <span class='ocr_line' id='line_1_35' title="bbox 656 1803 2132 1842; baseline -0.002 -9"><span class='ocrx_word' id='word_1_346' title='bbox 656 1815 713 1833; x_wconf 85' lang='lat' dir='ltr'>non</span> <span class='ocrx_word' id='word_1_347' title='bbox 743 1811 841 1842; x_wconf 80' lang='lat' dir='ltr'>potest</span> <span class='ocrx_word' id='word_1_348' title='bbox 871 1805 1038 1840; x_wconf 81' lang='lat' dir='ltr'>dependere</span> <span class='ocrx_word' id='word_1_349' title='bbox 1061 1814 1078 1832; x_wconf 86' lang='lat' dir='ltr'>a</span> <span class='ocrx_word' id='word_1_350' title='bbox 1104 1806 1234 1840; x_wconf 81' lang='lat' dir='ltr'>potentia</span> <span class='ocrx_word' id='word_1_351' title='bbox 1264 1813 1339 1840; x_wconf 85' lang='lat' dir='ltr'>quae</span> <span class='ocrx_word' id='word_1_352' title='bbox 1369 1810 1413 1831; x_wconf 87' lang='lat' dir='ltr'>est</span> <span class='ocrx_word' id='word_1_353' title='bbox 1442 1804 1573 1840; x_wconf 86' lang='lat' dir='ltr'>potentia</span> <span class='ocrx_word' id='word_1_354' title='bbox 1603 1813 1674 1839; x_wconf 86' lang='lat' dir='ltr'>pura</span> <span class='ocrx_word' id='word_1_355' title='bbox 1703 1804 1882 1840; x_wconf 76' lang='lat' dir='ltr'>simpliciter,</span> <span class='ocrx_word' id='word_1_356' title='bbox 1911 1804 1978 1839; x_wconf 87' lang='lat' dir='ltr'>quia</span> <span class='ocrx_word' id='word_1_357' title='bbox 2007 1803 2031 1830; x_wconf 87' lang='lat' dir='ltr'>si</span> <span class='ocrx_word' id='word_1_358' title='bbox 2060 1812 2132 1839; x_wconf 86' lang='lat' dir='ltr'>pura</span> 
     </span>
     <span class='ocr_line' id='line_1_36' title="bbox 657 1852 2133 1891; baseline -0.002 -9"><span class='ocrx_word' id='word_1_359' title='bbox 657 1855 788 1891; x_wconf 83' lang='lat' dir='ltr'>potentia</span> <span class='ocrx_word' id='word_1_360' title='bbox 806 1856 825 1870; x_wconf 84' lang='lat'>¹‘·&#39;</span> <span class='ocrx_word' id='word_1_361' title='bbox 845 1863 902 1881; x_wconf 87' lang='lat' dir='ltr'>non</span> <span class='ocrx_word' id='word_1_362' title='bbox 922 1859 1021 1889; x_wconf 85' lang='lat' dir='ltr'>potest</span> <span class='ocrx_word' id='word_1_363' title='bbox 1041 1863 1093 1889; x_wconf 85' lang='lat' dir='ltr'>per</span> <span class='ocrx_word' id='word_1_364' title='bbox 1112 1863 1144 1880; x_wconf 88' lang='lat' dir='ltr'>se</span> <span class='ocrx_word' id='word_1_365' title='bbox 1165 1862 1230 1880; x_wconf 82' lang='lat' dir='ltr'>esse</span> <span class='ocrx_word' id='word_1_366' title='bbox 1247 1854 1267 1869; x_wconf 80' lang='lat'>¹³</span> <span class='ocrx_word' id='word_1_367' title='bbox 1286 1853 1478 1887; x_wconf 68' lang='lat' dir='ltr'>intelligibilis</span> <span class='ocrx_word' id='word_1_368' title='bbox 1500 1853 1537 1879; x_wconf 92' lang='lat' dir='ltr'>ab</span> <span class='ocrx_word' id='word_1_369' title='bbox 1561 1853 1709 1880; x_wconf 85' lang='lat' dir='ltr'>intellectu</span> <span class='ocrx_word' id='word_1_370' title='bbox 1730 1853 1779 1888; x_wconf 90' lang='lat' dir='ltr'>qui</span> <span class='ocrx_word' id='word_1_371' title='bbox 1799 1858 1932 1880; x_wconf 84' lang='lat' dir='ltr'>movetur</span> <span class='ocrx_word' id='word_1_372' title='bbox 1951 1862 1968 1879; x_wconf 88' lang='lat' dir='ltr'>a</span> <span class='ocrx_word' id='word_1_373' title='bbox 1987 1853 2075 1879; x_wconf 87' lang='lat' dir='ltr'>rebus</span> <span class='ocrx_word' id='word_1_374' title='bbox 2095 1852 2133 1879; x_wconf 87' lang='lat' dir='ltr'>ad</span> 
     </span>
     <span class='ocr_line' id='line_1_37' title="bbox 657 1902 2134 1939; baseline -0.001 -9"><span class='ocrx_word' id='word_1_375' title='bbox 657 1904 888 1939; x_wconf 72' lang='lat' dir='ltr'>intelligendum,</span> <span class='ocrx_word' id='word_1_376' title='bbox 917 1903 1008 1929; x_wconf 89' lang='lat' dir='ltr'>multo</span> <span class='ocrx_word' id='word_1_377' title='bbox 1038 1902 1132 1929; x_wconf 90' lang='lat' dir='ltr'>minus</span> <span class='ocrx_word' id='word_1_378' title='bbox 1161 1902 1232 1928; x_wconf 87' lang='lat' dir='ltr'>illud</span> <span class='ocrx_word' id='word_1_379' title='bbox 1249 1904 1268 1918; x_wconf 76' lang='lat'>¹⁸</span> <span class='ocrx_word' id='word_1_380' title='bbox 1297 1902 1333 1928; x_wconf 84' lang='lat' dir='ltr'>de</span> <span class='ocrx_word' id='word_1_381' title='bbox 1363 1902 1445 1929; x_wconf 82' lang='lat' dir='ltr'>cuius</span> <span class='ocrx_word' id='word_1_382' title='bbox 1474 1902 1587 1928; x_wconf 89' lang='lat' dir='ltr'>ratione</span> <span class='ocrx_word' id='word_1_383' title='bbox 1616 1906 1661 1928; x_wconf 85' lang='lat' dir='ltr'>est</span> <span class='ocrx_word' id='word_1_384' title='bbox 1689 1902 1756 1928; x_wconf 89' lang='lat' dir='ltr'>talis</span> <span class='ocrx_word' id='word_1_385' title='bbox 1784 1902 1915 1934; x_wconf 89' lang='lat' dir='ltr'>materia,</span> <span class='ocrx_word' id='word_1_386' title='bbox 1937 1906 2035 1937; x_wconf 86' lang='lat' dir='ltr'>potest</span> <span class='ocrx_word' id='word_1_387' title='bbox 2067 1909 2134 1928; x_wconf 84' lang='lat' dir='ltr'>esse</span> 
     </span>
     <span class='ocr_line' id='line_1_38' title="bbox 658 1950 2134 1986; baseline -0.002 -7"><span class='ocrx_word' id='word_1_388' title='bbox 658 1953 823 1979; x_wconf 86' lang='lat' dir='ltr'>intellectus</span> <span class='ocrx_word' id='word_1_389' title='bbox 844 1952 889 1978; x_wconf 83' lang='lat' dir='ltr'>vel</span> <span class='ocrx_word' id='word_1_390' title='bbox 910 1952 1001 1978; x_wconf 83' lang='lat' dir='ltr'>virtus</span> <span class='ocrx_word' id='word_1_391' title='bbox 1021 1951 1236 1978; x_wconf 84' lang='lat' dir='ltr'>intellectualis.</span> <span class='ocrx_word' id='word_1_392' title='bbox 1262 1951 1354 1977; x_wconf 75' lang='lat' dir='ltr'>Actus</span> <span class='ocrx_word' id='word_1_393' title='bbox 1379 1951 1455 1977; x_wconf 90' lang='lat' dir='ltr'>enim</span> <span class='ocrx_word' id='word_1_394' title='bbox 1479 1950 1593 1977; x_wconf 80' lang='lat' dir='ltr'>virtutis</span> <span class='ocrx_word' id='word_1_395' title='bbox 1616 1950 1810 1986; x_wconf 87' lang='lat' dir='ltr'>dependentis</span> <span class='ocrx_word' id='word_1_396' title='bbox 1830 1959 1847 1976; x_wconf 89' lang='lat' dir='ltr'>a</span> <span class='ocrx_word' id='word_1_397' title='bbox 1867 1951 1916 1977; x_wconf 86' lang='lat' dir='ltr'>tali</span> <span class='ocrx_word' id='word_1_398' title='bbox 1937 1950 2069 1986; x_wconf 83' lang='lat' dir='ltr'>potentia</span> <span class='ocrx_word' id='word_1_399' title='bbox 2088 1954 2134 1976; x_wconf 83' lang='lat' dir='ltr'>est</span> 
     </span>
     <span class='ocr_line' id='line_1_39' title="bbox 658 1999 2134 2036; baseline -0.001 -9"><span class='ocrx_word' id='word_1_400' title='bbox 658 2002 743 2028; x_wconf 88' lang='lat' dir='ltr'>nimis</span> <span class='ocrx_word' id='word_1_401' title='bbox 763 2001 932 2036; x_wconf 87' lang='lat' dir='ltr'>potentialis</span> <span class='ocrx_word' id='word_1_402' title='bbox 959 2005 988 2027; x_wconf 87' lang='lat' dir='ltr'>et</span> <span class='ocrx_word' id='word_1_403' title='bbox 1015 2000 1156 2027; x_wconf 82' lang='lat' dir='ltr'>deficiens</span> <span class='ocrx_word' id='word_1_404' title='bbox 1183 2001 1220 2026; x_wconf 81' lang='lat' dir='ltr'>ab</span> <span class='ocrx_word' id='word_1_405' title='bbox 1247 1999 1415 2026; x_wconf 82' lang='lat' dir='ltr'>actualitate</span> <span class='ocrx_word' id='word_1_406' title='bbox 1440 2004 1523 2026; x_wconf 87' lang='lat' dir='ltr'>actus</span> <span class='ocrx_word' id='word_1_407' title='bbox 1545 1999 1736 2034; x_wconf 77' lang='lat' dir='ltr'>intelligendi.</span> <span class='ocrx_word' id='word_1_408' title='bbox 1757 1999 1816 2026; x_wconf 90' lang='lat' dir='ltr'>Sed</span> <span class='ocrx_word' id='word_1_409' title='bbox 1835 1999 1859 2026; x_wconf 89' lang='lat' dir='ltr'>si</span> <span class='ocrx_word' id='word_1_410' title='bbox 1880 1999 1908 2026; x_wconf 91' lang='lat' dir='ltr'>in</span> <span class='ocrx_word' id='word_1_411' title='bbox 1929 1999 2035 2032; x_wconf 70' lang='lat' dir='ltr'>angelo</span> <span class='ocrx_word' id='word_1_412' title='bbox 2055 2003 2134 2025; x_wconf 86' lang='lat' dir='ltr'>esset</span> 
     </span>
     <span class='ocr_line' id='line_1_40' title="bbox 658 2047 2134 2085; baseline -0.002 -9"><span class='ocrx_word' id='word_1_413' title='bbox 658 2050 779 2076; x_wconf 80' lang='lat' dir='ltr'>materia</span> <span class='ocrx_word' id='word_1_414' title='bbox 807 2058 882 2085; x_wconf 82' lang='lat' dir='ltr'>quae</span> <span class='ocrx_word' id='word_1_415' title='bbox 911 2054 956 2076; x_wconf 88' lang='lat' dir='ltr'>est</span> <span class='ocrx_word' id='word_1_416' title='bbox 984 2058 1057 2085; x_wconf 82' lang='lat' dir='ltr'>pura</span> <span class='ocrx_word' id='word_1_417' title='bbox 1086 2048 1226 2084; x_wconf 73' lang='lat' dir='ltr'>potentia,</span> <span class='ocrx_word' id='word_1_418' title='bbox 1256 2049 1348 2075; x_wconf 77' lang='lat' dir='ltr'>virtus</span> <span class='ocrx_word' id='word_1_419' title='bbox 1376 2048 1554 2075; x_wconf 82' lang='lat' dir='ltr'>intellectiva</span> <span class='ocrx_word' id='word_1_420' title='bbox 1583 2048 1680 2083; x_wconf 86' lang='lat' dir='ltr'>angeli</span> <span class='ocrx_word' id='word_1_421' title='bbox 1712 2052 1790 2074; x_wconf 87' lang='lat' dir='ltr'>esset</span> <span class='ocrx_word' id='word_1_422' title='bbox 1819 2047 1990 2083; x_wconf 80' lang='lat' dir='ltr'>dependens</span> <span class='ocrx_word' id='word_1_423' title='bbox 2021 2048 2058 2073; x_wconf 90' lang='lat' dir='ltr'>ab</span> <span class='ocrx_word' id='word_1_424' title='bbox 2090 2055 2134 2080; x_wconf 84' lang='lat' dir='ltr'>ea,</span> 
     </span>
     <span class='ocr_line' id='line_1_41' title="bbox 659 2096 2134 2134; baseline -0.002 -9"><span class='ocrx_word' id='word_1_425' title='bbox 659 2099 726 2134; x_wconf 82' lang='lat' dir='ltr'>quia</span> <span class='ocrx_word' id='word_1_426' title='bbox 745 2098 839 2125; x_wconf 71' lang='lat' dir='ltr'>{orma</span> <span class='ocrx_word' id='word_1_427' title='bbox 859 2098 955 2133; x_wconf 81' lang='lat' dir='ltr'>angeli</span> <span class='ocrx_word' id='word_1_428' title='bbox 978 2107 1037 2124; x_wconf 89' lang='lat' dir='ltr'>non</span> <span class='ocrx_word' id='word_1_429' title='bbox 1060 2097 1179 2133; x_wconf 89' lang='lat' dir='ltr'>ponitur</span> <span class='ocrx_word' id='word_1_430' title='bbox 1198 2097 1371 2132; x_wconf 87' lang='lat' dir='ltr'>separabilis</span> <span class='ocrx_word' id='word_1_431' title='bbox 1392 2106 1408 2123; x_wconf 92' lang='lat' dir='ltr'>a</span> <span class='ocrx_word' id='word_1_432' title='bbox 1428 2097 1478 2123; x_wconf 89' lang='lat' dir='ltr'>tali</span> <span class='ocrx_word' id='word_1_433' title='bbox 1498 2097 1619 2123; x_wconf 85' lang='lat' dir='ltr'>materia</span> <span class='ocrx_word' id='word_1_434' title='bbox 1643 2097 1719 2124; x_wconf 87' lang='lat' dir='ltr'>sicut</span> <span class='ocrx_word' id='word_1_435' title='bbox 1741 2096 1836 2123; x_wconf 86' lang='lat' dir='ltr'>anima</span> <span class='ocrx_word' id='word_1_436' title='bbox 1859 2096 2032 2132; x_wconf 82' lang='lat' dir='ltr'>separabilis</span> <span class='ocrx_word' id='word_1_437' title='bbox 2051 2100 2096 2123; x_wconf 88' lang='lat' dir='ltr'>est</span> <span class='ocrx_word' id='word_1_438' title='bbox 2117 2104 2134 2122; x_wconf 87' lang='lat' dir='ltr'>a</span> 
     </span>
     <span class='ocr_line' id='line_1_42' title="bbox 658 2144 2135 2182; baseline -0.002 -8"><span class='ocrx_word' id='word_1_439' title='bbox 658 2147 780 2174; x_wconf 87' lang='lat' dir='ltr'>materia</span> <span class='ocrx_word' id='word_1_440' title='bbox 806 2147 961 2182; x_wconf 88' lang='lat' dir='ltr'>corporali.</span> <span class='ocrx_word' id='word_1_441' title='bbox 987 2147 1065 2181; x_wconf 86' lang='lat' dir='ltr'>Ergo</span> <span class='ocrx_word' id='word_1_442' title='bbox 1093 2146 1122 2172; x_wconf 92' lang='lat' dir='ltr'>in</span> <span class='ocrx_word' id='word_1_443' title='bbox 1147 2146 1259 2181; x_wconf 83' lang='lat' dir='ltr'>angelis</span> <span class='ocrx_word' id='word_1_444' title='bbox 1284 2154 1342 2172; x_wconf 86' lang='lat' dir='ltr'>non</span> <span class='ocrx_word' id='word_1_445' title='bbox 1368 2150 1413 2172; x_wconf 88' lang='lat' dir='ltr'>est</span> <span class='ocrx_word' id='word_1_446' title='bbox 1438 2145 1559 2172; x_wconf 88' lang='lat' dir='ltr'>materia</span> <span class='ocrx_word' id='word_1_447' title='bbox 1583 2154 1658 2181; x_wconf 88' lang='lat' dir='ltr'>quae</span> <span class='ocrx_word' id='word_1_448' title='bbox 1681 2145 1719 2172; x_wconf 91' lang='lat' dir='ltr'>sit</span> <span class='ocrx_word' id='word_1_449' title='bbox 1741 2146 1905 2172; x_wconf 90' lang='lat' dir='ltr'>subiectum</span> <span class='ocrx_word' id='word_1_450' title='bbox 1931 2145 2043 2172; x_wconf 83' lang='lat' dir='ltr'>formae</span> <span class='ocrx_word' id='word_1_451' title='bbox 2068 2144 2135 2171; x_wconf 90' lang='lat' dir='ltr'>sub-</span> 
     </span>
     <span class='ocr_line' id='line_1_43' title="bbox 659 2193 2136 2229; baseline -0.001 -7"><span class='ocrx_word' id='word_1_452' title='bbox 659 2196 811 2222; x_wconf 87' lang='lat' dir='ltr'>stantialis.</span> <span class='ocrx_word' id='word_1_453' title='bbox 831 2196 867 2222; x_wconf 86' lang='lat' dir='ltr'>Et</span> <span class='ocrx_word' id='word_1_454' title='bbox 886 2196 942 2222; x_wconf 91' lang='lat' dir='ltr'>hoc</span> <span class='ocrx_word' id='word_1_455' title='bbox 964 2195 1025 2221; x_wconf 91' lang='lat' dir='ltr'>vult</span> <span class='ocrx_word' id='word_1_456' title='bbox 1047 2195 1152 2221; x_wconf 86' lang='lat' dir='ltr'>beatus</span> <span class='ocrx_word' id='word_1_457' title='bbox 1177 2194 1336 2229; x_wconf 82' lang='lat' dir='ltr'>Dionysius</span> <span class='ocrx_word' id='word_1_458' title='bbox 1362 2198 1465 2229; x_wconf 87' lang='lat' dir='ltr'>quarto</span> <span class='ocrx_word' id='word_1_459' title='bbox 1482 2195 1503 2210; x_wconf 79' lang='lat'>¹⁵</span> <span class='ocrx_word' id='word_1_460' title='bbox 1527 2194 1564 2220; x_wconf 89' lang='lat' dir='ltr'>de</span> <span class='ocrx_word' id='word_1_461' title='bbox 1590 2194 1704 2220; x_wconf 88' lang='lat' dir='ltr'>Divinis</span> <span class='ocrx_word' id='word_1_462' title='bbox 1728 2194 1903 2220; x_wconf 83' lang='lat' dir='ltr'>Nominibus</span> <span class='ocrx_word' id='word_1_463' title='bbox 1915 2195 1964 2226; x_wconf 86' lang='lat'>(1),</span> <span class='ocrx_word' id='word_1_464' title='bbox 1989 2193 2038 2220; x_wconf 91' lang='lat' dir='ltr'>ubi</span> <span class='ocrx_word' id='word_1_465' title='bbox 2064 2193 2136 2220; x_wconf 85' lang='lat' dir='ltr'>dicit</span> 
     </span>
     <span class='ocr_line' id='line_1_44' title="bbox 659 2241 2135 2280; baseline -0.001 -9"><span class='ocrx_word' id='word_1_466' title='bbox 659 2245 782 2280; x_wconf 86' lang='lat' dir='ltr'>angelos</span> <span class='ocrx_word' id='word_1_467' title='bbox 810 2253 876 2271; x_wconf 86' lang='lat' dir='ltr'>esse</span> <span class='ocrx_word' id='word_1_468' title='bbox 901 2244 1102 2279; x_wconf 85' lang='lat' dir='ltr'>incorporales</span> <span class='ocrx_word' id='word_1_469' title='bbox 1129 2247 1159 2270; x_wconf 89' lang='lat' dir='ltr'>et</span> <span class='ocrx_word' id='word_1_470' title='bbox 1184 2243 1392 2269; x_wconf 86' lang='lat' dir='ltr'>immateriales</span> <span class='ocrx_word' id='word_1_471' title='bbox 1415 2251 1524 2270; x_wconf 91' lang='lat' dir='ltr'>omnes.</span> <span class='ocrx_word' id='word_1_472' title='bbox 1555 2243 1591 2269; x_wconf 89' lang='lat' dir='ltr'>Et</span> <span class='ocrx_word' id='word_1_473' title='bbox 1616 2242 1838 2270; x_wconf 88' lang='lat' dir='ltr'>Commentator</span> <span class='ocrx_word' id='word_1_474' title='bbox 1852 2244 1892 2276; x_wconf 90' lang='lat'>(2)</span> <span class='ocrx_word' id='word_1_475' title='bbox 1918 2242 1980 2269; x_wconf 86' lang='lat' dir='ltr'>vult</span> <span class='ocrx_word' id='word_1_476' title='bbox 2005 2241 2084 2277; x_wconf 89' lang='lat' dir='ltr'>quod</span> <span class='ocrx_word' id='word_1_477' title='bbox 2106 2241 2135 2268; x_wconf 87' lang='lat' dir='ltr'>in</span> 
     </span>
     <span class='ocr_line' id='line_1_45' title="bbox 659 2291 1910 2327; baseline -0.001 -8"><span class='ocrx_word' id='word_1_478' title='bbox 659 2293 716 2320; x_wconf 88' lang='lat' dir='ltr'>illis</span> <span class='ocrx_word' id='word_1_479' title='bbox 735 2292 773 2320; x_wconf 91' lang='lat' dir='ltr'>sit</span> <span class='ocrx_word' id='word_1_480' title='bbox 801 2294 805 2327; x_wconf 81' lang='grc' dir='ltr'>Ι</span> <span class='ocrx_word' id='word_1_481' title='bbox 833 2292 955 2319; x_wconf 86' lang='lat' dir='ltr'>materia</span> <span class='ocrx_word' id='word_1_482' title='bbox 975 2293 1018 2319; x_wconf 88' lang='lat' dir='ltr'>sic</span> <span class='ocrx_word' id='word_1_483' title='bbox 1038 2292 1117 2319; x_wconf 84' lang='lat' dir='ltr'>dicta</span> <span class='ocrx_word' id='word_1_484' title='bbox 1137 2292 1164 2318; x_wconf 94' lang='lat' dir='ltr'>in</span> <span class='ocrx_word' id='word_1_485' title='bbox 1185 2291 1292 2327; x_wconf 90' lang='lat' dir='ltr'>quibus</span> <span class='ocrx_word' id='word_1_486' title='bbox 1311 2295 1356 2318; x_wconf 89' lang='lat' dir='ltr'>est</span> <span class='ocrx_word' id='word_1_487' title='bbox 1375 2291 1499 2318; x_wconf 85' lang='lat' dir='ltr'>mutatio</span> <span class='ocrx_word' id='word_1_488' title='bbox 1519 2291 1679 2318; x_wconf 86' lang='lat' dir='ltr'>secundum</span> <span class='ocrx_word' id='word_1_489' title='bbox 1699 2291 1910 2318; x_wconf 61' lang='lat' dir='ltr'>substantiam:</span> 
     </span>
    </p>
   </div>
   <div class='ocr_carea' id='block_1_6' title="bbox 660 2444 2137 2614">
    <p class='ocr_par' dir='ltr' id='par_1_7' title="bbox 660 2444 2137 2614">
     <span class='ocr_line' id='line_1_46' title="bbox 751 2444 2137 2474; baseline -0.003 0"><span class='ocrx_word' id='word_1_490' title='bbox 751 2449 757 2463; x_wconf 89' lang='lat'>¹</span> <span class='ocrx_word' id='word_1_491' title='bbox 772 2456 827 2474; x_wconf 85' lang='lat' dir='ltr'>om.</span> <span class='ocrx_word' id='word_1_492' title='bbox 848 2448 878 2474; x_wconf 91' lang='lat' dir='ltr'>P.</span> <span class='ocrx_word' id='word_1_493' title='bbox 894 2463 927 2466; x_wconf 97' lang='lat'><strong>—</strong></span> <span class='ocrx_word' id='word_1_494' title='bbox 941 2447 951 2463; x_wconf 72' lang='lat'>³</span> <span class='ocrx_word' id='word_1_495' title='bbox 963 2447 1077 2474; x_wconf 87' lang='lat' dir='ltr'>ratione</span> <span class='ocrx_word' id='word_1_496' title='bbox 1096 2447 1166 2473; x_wconf 83' lang='lat' dir='ltr'>add.</span> <span class='ocrx_word' id='word_1_497' title='bbox 1185 2449 1213 2474; x_wconf 84' lang='lat' dir='ltr'>et</span> <span class='ocrx_word' id='word_1_498' title='bbox 1231 2447 1285 2474; x_wconf 78' lang='lat' dir='ltr'>del.</span> <span class='ocrx_word' id='word_1_499' title='bbox 1306 2447 1338 2474; x_wconf 92' lang='lat' dir='ltr'>C.</span> <span class='ocrx_word' id='word_1_500' title='bbox 1352 2463 1386 2466; x_wconf 95' lang='lat'>--</span> <span class='ocrx_word' id='word_1_501' title='bbox 1406 2447 1417 2462; x_wconf 76' lang='lat'>³</span> <span class='ocrx_word' id='word_1_502' title='bbox 1430 2446 1468 2473; x_wconf 82' lang='lat' dir='ltr'>ad</span> <span class='ocrx_word' id='word_1_503' title='bbox 1487 2446 1620 2473; x_wconf 79' lang='lat' dir='ltr'>diversas</span> <span class='ocrx_word' id='word_1_504' title='bbox 1639 2445 1749 2473; x_wconf 81' lang='lat' dir='ltr'>formas</span> <span class='ocrx_word' id='word_1_505' title='bbox 1767 2446 1836 2472; x_wconf 84' lang='lat' dir='ltr'>add.</span> <span class='ocrx_word' id='word_1_506' title='bbox 1850 2445 1884 2473; x_wconf 91' lang='lat' dir='ltr'>C.</span> <span class='ocrx_word' id='word_1_507' title='bbox 1903 2461 1937 2464; x_wconf 97' lang='lat'><strong>—</strong></span> <span class='ocrx_word' id='word_1_508' title='bbox 1957 2446 1966 2460; x_wconf 79' lang='lat'><strong>⁴</strong></span> <span class='ocrx_word' id='word_1_509' title='bbox 1979 2445 2037 2471; x_wconf 76' lang='lat' dir='ltr'>litt.</span> <span class='ocrx_word' id='word_1_510' title='bbox 2057 2444 2109 2471; x_wconf 74' lang='lat' dir='ltr'>ult.</span> <span class='ocrx_word' id='word_1_511' title='bbox 2122 2452 2137 2471; x_wconf 91' lang='lat' dir='ltr'>s</span> 
     </span>
     <span class='ocr_line' id='line_1_47' title="bbox 660 2487 2137 2526; baseline -0.002 -8"><span class='ocrx_word' id='word_1_512' title='bbox 660 2492 691 2518; x_wconf 82' lang='lat' dir='ltr'>in</span> <span class='ocrx_word' id='word_1_513' title='bbox 712 2491 828 2526; x_wconf 87' lang='lat' dir='ltr'>species</span> <span class='ocrx_word' id='word_1_514' title='bbox 847 2493 973 2526; x_wconf 80' lang='lat' dir='ltr'>expunx.</span> <span class='ocrx_word' id='word_1_515' title='bbox 999 2490 1031 2518; x_wconf 90' lang='lat' dir='ltr'>C.</span> <span class='ocrx_word' id='word_1_516' title='bbox 1051 2506 1085 2510; x_wconf 86' lang='lat'>—</span> <span class='ocrx_word' id='word_1_517' title='bbox 1106 2491 1116 2506; x_wconf 77' lang='lat'>⁵</span> <span class='ocrx_word' id='word_1_518' title='bbox 1134 2490 1267 2517; x_wconf 86' lang='lat' dir='ltr'>facerent</span> <span class='ocrx_word' id='word_1_519' title='bbox 1287 2491 1320 2517; x_wconf 94' lang='lat' dir='ltr'>C.</span> <span class='ocrx_word' id='word_1_520' title='bbox 1341 2507 1373 2510; x_wconf 97' lang='lat'><strong>—</strong></span> <span class='ocrx_word' id='word_1_521' title='bbox 1393 2491 1404 2506; x_wconf 82' lang='lat'>⁰</span> <span class='ocrx_word' id='word_1_522' title='bbox 1423 2490 1533 2517; x_wconf 82' lang='lat' dir='ltr'>formas</span> <span class='ocrx_word' id='word_1_523' title='bbox 1553 2489 1586 2516; x_wconf 94' lang='lat' dir='ltr'>C.</span> <span class='ocrx_word' id='word_1_524' title='bbox 1607 2505 1640 2509; x_wconf 92' lang='lat'>—-</span> <span class='ocrx_word' id='word_1_525' title='bbox 1662 2490 1671 2505; x_wconf 63' lang='grc' dir='ltr'><strong>ἵ</strong></span> <span class='ocrx_word' id='word_1_526' title='bbox 1690 2493 1736 2516; x_wconf 85' lang='lat' dir='ltr'>est</span> <span class='ocrx_word' id='word_1_527' title='bbox 1755 2489 1788 2516; x_wconf 91' lang='lat' dir='ltr'>C.</span> <span class='ocrx_word' id='word_1_528' title='bbox 1807 2504 1841 2509; x_wconf 91' lang='lat'>—</span> <span class='ocrx_word' id='word_1_529' title='bbox 1866 2489 1876 2504; x_wconf 82' lang='lat'>⁸</span> <span class='ocrx_word' id='word_1_530' title='bbox 1895 2488 2031 2515; x_wconf 83' lang='lat' dir='ltr'>terminat</span> <span class='ocrx_word' id='word_1_531' title='bbox 2050 2487 2084 2515; x_wconf 91' lang='lat' dir='ltr'>C.</span> <span class='ocrx_word' id='word_1_532' title='bbox 2102 2503 2137 2508; x_wconf 98' lang='lat'>—</span> 
     </span>
     <span class='ocr_line' id='line_1_48' title="bbox 661 2531 2136 2568; baseline -0.002 -7"><span class='ocrx_word' id='word_1_533' title='bbox 661 2536 671 2550; x_wconf 82' lang='lat'><strong>⁹</strong></span> <span class='ocrx_word' id='word_1_534' title='bbox 683 2535 721 2562; x_wconf 89' lang='lat' dir='ltr'>sit</span> <span class='ocrx_word' id='word_1_535' title='bbox 735 2534 768 2561; x_wconf 92' lang='lat' dir='ltr'>C.</span> <span class='ocrx_word' id='word_1_536' title='bbox 782 2550 815 2554; x_wconf 89' lang='lat'><strong>—</strong></span> <span class='ocrx_word' id='word_1_537' title='bbox 831 2535 852 2550; x_wconf 86' lang='lat'>¹⁰</span> <span class='ocrx_word' id='word_1_538' title='bbox 865 2538 894 2561; x_wconf 89' lang='lat' dir='ltr'>et</span> <span class='ocrx_word' id='word_1_539' title='bbox 907 2534 943 2567; x_wconf 90' lang='lat' dir='ltr'>S;</span> <span class='ocrx_word' id='word_1_540' title='bbox 956 2534 1010 2561; x_wconf 82' lang='lat' dir='ltr'>del.</span> <span class='ocrx_word' id='word_1_541' title='bbox 1023 2536 1052 2560; x_wconf 78' lang='lat' dir='ltr'>et</span> <span class='ocrx_word' id='word_1_542' title='bbox 1065 2538 1110 2560; x_wconf 85' lang='lat' dir='ltr'>est</span> <span class='ocrx_word' id='word_1_543' title='bbox 1123 2542 1198 2560; x_wconf 85' lang='lat' dir='ltr'>corr.</span> <span class='ocrx_word' id='word_1_544' title='bbox 1218 2540 1253 2560; x_wconf 74' lang='lat'>211</span> <span class='ocrx_word' id='word_1_545' title='bbox 1273 2543 1312 2560; x_wconf 88' lang='lat' dir='ltr'>m.</span> <span class='ocrx_word' id='word_1_546' title='bbox 1327 2533 1348 2560; x_wconf 91' lang='lat' dir='ltr'>S</span> <span class='ocrx_word' id='word_1_547' title='bbox 1359 2542 1366 2566; x_wconf 85' lang='lat'>;</span> <span class='ocrx_word' id='word_1_548' title='bbox 1379 2538 1478 2560; x_wconf 85' lang='lat' dir='ltr'>tamen</span> <span class='ocrx_word' id='word_1_549' title='bbox 1491 2534 1560 2560; x_wconf 83' lang='lat' dir='ltr'>add.</span> <span class='ocrx_word' id='word_1_550' title='bbox 1575 2533 1608 2560; x_wconf 91' lang='lat' dir='ltr'>C.</span> <span class='ocrx_word' id='word_1_551' title='bbox 1623 2549 1656 2552; x_wconf 97' lang='lat'><strong>—</strong></span> <span class='ocrx_word' id='word_1_552' title='bbox 1673 2534 1693 2549; x_wconf 89' lang='lat'>¹¹</span> <span class='ocrx_word' id='word_1_553' title='bbox 1707 2541 1761 2559; x_wconf 89' lang='lat' dir='ltr'>seu</span> <span class='ocrx_word' id='word_1_554' title='bbox 1774 2532 1807 2560; x_wconf 92' lang='lat' dir='ltr'>C.</span> <span class='ocrx_word' id='word_1_555' title='bbox 1823 2548 1856 2552; x_wconf 96' lang='lat'>—</span> <span class='ocrx_word' id='word_1_556' title='bbox 1871 2533 1892 2548; x_wconf 78' lang='lat'>¹¹</span> <span class='ocrx_word' id='word_1_557' title='bbox 1905 2541 1978 2568; x_wconf 84' lang='lat' dir='ltr'>pura</span> <span class='ocrx_word' id='word_1_558' title='bbox 1995 2531 2136 2568; x_wconf 85' lang='lat' dir='ltr'>potentia]</span> 
     </span>
     <span class='ocr_line' id='line_1_49' title="bbox 661 2575 1983 2614; baseline -0.002 -10"><span class='ocrx_word' id='word_1_559' title='bbox 661 2578 792 2613; x_wconf 86' lang='lat' dir='ltr'>potentia</span> <span class='ocrx_word' id='word_1_560' title='bbox 806 2586 878 2614; x_wconf 88' lang='lat' dir='ltr'>pura</span> <span class='ocrx_word' id='word_1_561' title='bbox 894 2577 927 2605; x_wconf 92' lang='lat' dir='ltr'>C.</span> <span class='ocrx_word' id='word_1_562' title='bbox 941 2594 974 2598; x_wconf 95' lang='lat'>—</span> <span class='ocrx_word' id='word_1_563' title='bbox 991 2578 1011 2593; x_wconf 76' lang='lat'>¹³</span> <span class='ocrx_word' id='word_1_564' title='bbox 1024 2586 1077 2613; x_wconf 87' lang='lat' dir='ltr'>per</span> <span class='ocrx_word' id='word_1_565' title='bbox 1091 2593 1124 2597; x_wconf 90' lang='lat'>-—</span> <span class='ocrx_word' id='word_1_566' title='bbox 1139 2578 1215 2611; x_wconf 88' lang='lat' dir='ltr'>esse]</span> <span class='ocrx_word' id='word_1_567' title='bbox 1230 2586 1297 2604; x_wconf 85' lang='lat' dir='ltr'>esse</span> <span class='ocrx_word' id='word_1_568' title='bbox 1310 2586 1364 2613; x_wconf 85' lang='lat' dir='ltr'>per</span> <span class='ocrx_word' id='word_1_569' title='bbox 1376 2586 1408 2604; x_wconf 89' lang='lat' dir='ltr'>se</span> <span class='ocrx_word' id='word_1_570' title='bbox 1423 2577 1455 2604; x_wconf 94' lang='lat' dir='ltr'>C.</span> <span class='ocrx_word' id='word_1_571' title='bbox 1470 2593 1508 2596; x_wconf 40' lang='lat'>—‡</span> <span class='ocrx_word' id='word_1_572' title='bbox 1519 2578 1538 2592; x_wconf 80' lang='lat'>¹¹</span> <span class='ocrx_word' id='word_1_573' title='bbox 1552 2577 1582 2603; x_wconf 90' lang='lat' dir='ltr'>id</span> <span class='ocrx_word' id='word_1_574' title='bbox 1596 2576 1629 2603; x_wconf 92' lang='lat' dir='ltr'>C.</span> <span class='ocrx_word' id='word_1_575' title='bbox 1643 2592 1676 2596; x_wconf 68' lang='lat'>—</span> <span class='ocrx_word' id='word_1_576' title='bbox 1692 2577 1713 2592; x_wconf 84' lang='lat'>¹⁵</span> <span class='ocrx_word' id='word_1_577' title='bbox 1725 2575 1854 2612; x_wconf 84' lang='lat' dir='ltr'>capitulo</span> <span class='ocrx_word' id='word_1_578' title='bbox 1867 2576 1936 2602; x_wconf 84' lang='lat' dir='ltr'>add.</span> <span class='ocrx_word' id='word_1_579' title='bbox 1950 2575 1983 2602; x_wconf 91' lang='lat' dir='ltr'>C.</span> 
     </span>
    </p>
   </div>
   <div class='ocr_carea' id='block_1_7' title="bbox 752 2692 1525 2728">
    <p class='ocr_par' dir='ltr' id='par_1_8' title="bbox 752 2692 1525 2728">
     <span class='ocr_line' id='line_1_50' title="bbox 752 2692 1525 2728; baseline -0.001 -9"><span class='ocrx_word' id='word_1_580' title='bbox 752 2694 790 2726; x_wconf 87' lang='lat'>(1)</span> <span class='ocrx_word' id='word_1_581' title='bbox 812 2692 871 2719; x_wconf 78' lang='lat' dir='ltr'>Cfr.</span> <span class='ocrx_word' id='word_1_582' title='bbox 891 2701 919 2728; x_wconf 82' lang='lat' dir='ltr'>p.</span> <span class='ocrx_word' id='word_1_583' title='bbox 941 2694 1001 2726; x_wconf 84' lang='lat'>185,</span> <span class='ocrx_word' id='word_1_584' title='bbox 1019 2701 1047 2719; x_wconf 85' lang='lat' dir='ltr'>n.</span> <span class='ocrx_word' id='word_1_585' title='bbox 1067 2693 1116 2726; x_wconf 86' lang='grc' dir='ltr'>(ι).</span> <span class='ocrx_word' id='word_1_586' title='bbox 1135 2707 1169 2712; x_wconf 82' lang='lat'>—</span> <span class='ocrx_word' id='word_1_587' title='bbox 1190 2694 1229 2726; x_wconf 81' lang='lat'>(2)</span> <span class='ocrx_word' id='word_1_588' title='bbox 1250 2692 1310 2720; x_wconf 82' lang='lat' dir='ltr'>Cfr.</span> <span class='ocrx_word' id='word_1_589' title='bbox 1330 2692 1410 2725; x_wconf 65' lang='lat' dir='ltr'><strong><em>ibid„</em></strong></span> <span class='ocrx_word' id='word_1_590' title='bbox 1429 2701 1456 2718; x_wconf 83' lang='lat' dir='ltr'>n.</span> <span class='ocrx_word' id='word_1_591' title='bbox 1477 2693 1525 2725; x_wconf 62' lang='lat'>(2).</span> 
     </span>
    </p>
   </div>
  </div>
 </body>
</html>
