2493 3458
487 637 552 663 cod.
566 636 587 662 S

464 672 512 699 sol.
525 674 561 698 44
575 672 615 698 Rb

486 1791 549 1817 cod.
568 1791 590 1817 P

452 1827 500 1853 fol.
517 1828 567 1853 153
581 1827 620 1852 Ro

485 2280 550 2307 cod.
564 2280 585 2307 S

460 2315 509 2342 fol.
523 2317 559 2342 44
571 2316 612 2342 va

644 432 696 454 310
1000 427 1188 454 ,uAfflSTRl
1228 426 1445 453 GODEFRIDI
1477 426 1527 453 DE
1557 426 1753 453 FON‘HBUS

735 517 779 543 Aa
807 517 890 543 istam
918 517 1119 552 quaestionum
1146 516 1244 542 dicunt
1269 515 1385 550 quidam
1410 515 1458 550 qui
1482 519 1593 550 ponunt
1615 524 1680 540 esse
1703 518 1732 540 et
1758 514 1915 541 essentiam
1943 512 1973 541 re
1999 514 2118 541 differre

645 565 672 591 in
693 566 842 597 erraturis,
863 564 940 600 quod
960 564 1035 590 sicut
1057 564 1082 590 in
1105 573 1160 590 una
1181 573 1211 589 re
1231 572 1288 589 non
1309 568 1353 589 est
1373 563 1426 589 nisi
1448 572 1502 589 una
1524 562 1656 589 extensio
1681 571 1731 597 per
1753 570 1839 594 quam
1863 558 1959 588 omnia
1979 561 2056 588 illius
2075 561 2116 588 rei

644 617 709 649 sunt
734 617 852 638 extensa
877 612 943 638 licet
967 611 1164 637 diversimode
1188 620 1264 637 «narn
1290 611 1410 637 materia
1434 614 1478 636 est
1501 615 1620 636 extensa
1644 610 1719 636 sicut
1742 609 1905 636 subiectum
1928 609 2117 642 extensionis,

645 660 700 685 alia
721 664 815 685 autem
841 660 914 685 sicut
939 659 1102 685 decidentia
1126 658 1363 694 supervenientia
1387 663 1451 684 sunt
1476 663 1597 683 extensa
1622 658 1626 690 Ι
1653 658 1719 692 quia
1740 656 1918 692 recipiuntur
1938 657 1965 683 in
1985 661 2118 687 extenso,

644 707 718 733 sicut
745 712 787 734 est
815 707 920 733 albedo
947 711 975 732 et
1002 706 1184 739 consimilia»,
1205 722 1235 725 -
1258 706 1297 732 ita
1324 706 1410 732 etiarn
1438 705 1465 731 in
1491 714 1546 731 una
1573 714 1604 731 re
1631 713 1688 731 non
1715 708 1759 730 est
1785 704 1846 731 nist'
1865 713 1952 730 unum
1982 703 2118 735 existere,

644 764 695 790 per
725 755 802 790 quod
833 755 928 781 omnia
959 755 1095 784 existunt,
1125 754 1163 780 ita
1193 754 1270 789 quotl
1301 753 1463 779 substantia
1491 753 1587 778 existit
1610 752 1684 778 sicut
1707 752 1870 778 subiectum
1885 747 2045 782 existendi,
2064 751 2117 778 sed

644 803 709 834 alin,
729 802 840 829 scilicet
868 802 1032 828 accidentia
1062 802 1189 828 existunt
1217 802 1283 836 quia
1313 801 1491 836 recipiuntur
1520 800 1546 826 in
1577 800 1728 826 existente.
1754 799 1881 826 Ulterius
1909 798 2009 826 dicunt
2039 799 2124 834 quod‘

644 850 720 876 istud
741 850 866 876 existere
888 850 932 876 vel
950 852 956 865 ¹
977 859 1042 876 esse
1063 849 1261 884 principaliter
1282 849 1470 883 consequitur
1491 848 1611 874 sormam
1633 848 1758 882 aliquam
1780 847 1988 882 principaliter.
2006 847 2118 873 scilicet

644 897 766 924 sormam
793 898 1026 928 substantialem,
1054 903 1083 923 et
1113 897 1189 923 illam
1219 897 1311 923 sulam
1338 905 1413 932 quae
1442 896 1492 922 dat
1521 906 1586 922 csse
1616 895 1824 931 completivum
1845 896 1864 928 ¹,
1883 895 1906 921 si
1936 895 1992 921 sint
2020 895 2118 930 plures

644 945 754 972 formae
781 946 996 972 substantiales,
1024 945 1057 971 Et
1084 945 1200 980 quando
1227 950 1379 979 separatur
1404 944 1470 970 talis
1494 944 1595 974 forma,
1618 948 1770 978 separatur
1793 943 1858 969 talis
1878 947 1960 969 actus
1983 942 2119 974 essendi;

644 997 671 1019 et
693 994 810 1028 quando
830 993 1023 1028 corrumpitur
1045 993 1145 1025 forma,
1165 993 1360 1027 corrumpitur
1382 1001 1468 1019 esse:
1494 997 1522 1018 et
1546 991 1663 1027 quando
1687 990 1902 1017 introducitur-⁸
1924 991 1990 1017 talis
2016 990 2119 1020 forma,

644 1041 835 1068 introducitur
863 1050 936 1067 esse.
964 1041 1045 1067 Haec
1071 1046 1167 1067 autem
1195 1040 1286 1066 forma
1314 1040 1340 1066 in
1369 1040 1485 1066 humine
1511 1045 1554 1066 est
1582 1039 1677 1065 amima
1702 1039 1885 1065 rationabilis
1904 1040 1975 1071 'set
2002 1038 2068 1065 ideo
2090 1038 2117 1064 in

645 1091 740 1116 'anima
761 1089 924 1115 rationabili
943 1090 952 1103 ‘¹
971 1094 1106 1124 separata
1128 1093 1256 1114 remanet
1278 1093 1370 1114 totum
1391 1097 1456 1113 esse
1477 1087 1555 1122 quud
1575 1092 1637 1113 erat
1659 1087 1684 1113 in
1706 1087 1831 1113 homine.

734 1137 821 1172 Quod
851 1142 947 1163 autem
978 1138 1016 1163 ita
1045 1137 1090 1169 sit,
1119 1136 1231 1162 scilicet
1261 1136 1338 1170 quod
1364 1135 1390 1161 in
1415 1135 1519 1162 eodem
1541 1144 1598 1161 non
1619 1134 1655 1161 sit
1675 1134 1729 1161 nisi
1752 1143 1838 1160 unum
1860 1143 1934 1163 esse,
1955 1134 2119 1169 probatur‘

645 1190 782 1221 quattuor
811 1185 979 1211 rationibus.
1005 1201 1011 1203 -
1028 1200 1034 1202 -
1062 1185 1157 1210 Prima
1186 1183 1253 1210 talis
1281 1188 1334 1210 est.
1369 1184 1439 1209 Esse
1468 1182 1657 1217 consequitur
1687 1182 1808 1208 formam
1838 1181 2059 1208 substantialem
2090 1186 2119 1207 et

644 1234 735 1260 solum
758 1234 834 1259 illam
856 1242 930 1267 quae
951 1237 994 1258 est
1015 1232 1200 1267 completiva„
1215 1232 1237 1257 si
1254 1231 1358 1257 «lentur
1378 1231 1484 1266 plures.
1505 1230 1563 1256 Sed
1585 1230 1611 1256 in
1633 1239 1689 1256 una
1709 1238 1739 1256 re
1760 1239 1818 1256 non
1837 1234 1882 1256 est
1902 1229 1956 1256 nisi
1977 1238 2033 1255 una
2053 1229 2120 1256 talis

644 1281 746 1307 formai.
769 1282 844 1313 Ergo
871 1285 899 1306 vt
926 1285 1032 1306 cetera.
1060 1280 1190 1314 Utraque
1216 1279 1379 1314 propositio
1405 1283 1495 1313 patet,
1521 1283 1550 1304 ut
1575 1277 1697 1309 videtur,
1720 1286 1755 1304 ex
1779 1277 1865 1304 dictis
1880 1278 1897 1304 ⁷.
1924 1293 1954 1296 -
1982 1276 2121 1304 Secunda

645 1329 710 1355 talis
736 1334 786 1354 est.
815 1328 920 1354 Omnia
946 1337 1020 1362 quae
1043 1332 1109 1353 sunt
1125 1328 1134 1341 ¹¹
1160 1336 1245 1352 unum
1270 1327 1412 1358 subiecto,
1436 1325 1571 1352 dicuntur
1590 1334 1677 1351 unum
1698 1325 1857 1352 secundum
1877 1333 1952 1352 esse.
1978 1325 2037 1352 Sed
2062 1325 2118 1352 lioc

645 1386 700 1403 non
728 1381 814 1408 esset,
840 1376 863 1402 si
890 1376 917 1401 in
944 1375 1048 1401 codem
1075 1380 1172 1401 esseut
1199 1375 1282 1409 plura
1309 1382 1382 1400 esse.
1409 1374 1487 1408 Ergo
1513 1377 1542 1400 et
1567 1377 1674 1400 cetera.
1695 1389 1728 1392 —
1747 1373 1848 1399 Tertia
1867 1372 1934 1399 talis
1954 1377 2006 1399 est.
2033 1372 2120 1399 Acci-

644 1424 741 1450 dentia
763 1433 819 1449 nun
841 1424 974 1449 dicuntur
994 1432 1059 1449 esse
1080 1422 1134 1448 nisi
1155 1422 1222 1457 quia
1243 1426 1309 1448 sunt
1332 1421 1416 1448 entis.
1439 1421 1498 1447 Sed
1519 1421 1573 1448 hoc
1594 1429 1650 1447 non
1671 1425 1716 1447 est
1734 1425 1856 1456 propter
1877 1420 1956 1447 aliud
1976 1420 2030 1447 nisi
2051 1419 2118 1455 quia

645 1472 807 1498 accidentia
829 1480 885 1497 non
906 1471 1013 1497 habent
1033 1470 1182 1506 proprium
1204 1478 1279 1502 csse,
1299 1469 1351 1496 sed
1371 1469 1465 1495 solum
1486 1469 1594 1495 habent
1623 1477 1688 1495 esse
1717 1468 1785 1504 quia
1813 1472 1881 1495 sunt
1908 1468 1937 1494 in
1965 1468 2118 1495 existente.

645 1520 722 1554 Ergo
743 1524 770 1545 et
792 1523 897 1545 cetera.
919 1535 948 1537 —
971 1518 1083 1552 Quarta
1113 1518 1178 1544 talis
1208 1521 1260 1544 est.
1293 1517 1323 1543 Si
1353 1521 1531 1552 ponerentur
1561 1517 1588 1543 in
1618 1516 1723 1542 eodem
1746 1516 1829 1551 plura
1849 1524 1924 1548 esse,
1943 1524 2031 1542 unum
2052 1524 2119 1542 esse

644 1567 833 1602 participaret
864 1567 993 1596 alterum.
1027 1565 1085 1592 Sed
1115 1566 1170 1592 hoc
1199 1569 1242 1591 est
1273 1564 1462 1600 impossibile,
1489 1564 1556 1599 quia
1586 1564 1640 1599 ipsi
1668 1572 1733 1590 esse
1759 1568 1904 1599 repugnat
1924 1563 2034 1598 aliquid
2054 1572 2119 1599 par-

643 1615 765 1650 ticipare
780 1616 797 1641 ⁹.
820 1615 896 1649 Ergo
917 1619 944 1640 et
965 1618 1072 1640 cetera.

732 1663 791 1689 Sed
811 1663 865 1689 hoc
886 1667 964 1688 stare
983 1671 1041 1688 non
1062 1666 1159 1697 potest
1177 1663 1204 1693 ¹⁰,
1224 1661 1337 1687 scilicet
1357 1660 1435 1696 quod
1457 1660 1483 1686 in
1504 1660 1608 1686 eodem
1630 1660 1667 1686 sit
1687 1664 1798 1686 tanturn
1822 1668 1908 1686 unum
1928 1668 1993 1686 esse
2013 1659 2119 1694 positis

643 1711 774 1746 pluribus
803 1710 946 1743 essentiis,
975 1709 1037 1736 sive
1065 1715 1210 1744 ponantur
1234 1718 1298 1735 esse
1322 1713 1350 1734 et
1373 1709 1501 1734 essentia
1525 1708 1601 1734 idem
1623 1716 1653 1734 re
1673 1707 1736 1734 sive
1756 1707 1881 1734 diversa.
1901 1707 1937 1734 Et
1956 1707 1980 1733 si
2000 1707 2118 1742 quidem

644 1768 709 1786 esse
740 1763 767 1785 et
797 1758 923 1785 essentia
953 1758 1009 1784 sint
1038 1757 1114 1784 idem
1135 1766 1174 1786 ne,
1194 1757 1249 1783 hoc
1270 1761 1351 1792 patet
1372 1756 1408 1782 (le
1428 1764 1469 1786 se,
1489 1755 1567 1791 quod
1590 1755 1703 1782 scilicet
1728 1755 1893 1791 plurificato
1919 1763 1976 1781 uno
2002 1755 2119 1781 realiter

645 1806 856 1842 plurificabitur
876 1807 1007 1832 alterum.
1028 1805 1059 1831 Si
1080 1814 1118 1840 po
1135 1807 1139 1837 Ι
1156 1809 1240 1831 natur
1263 1804 1350 1830 etiam
1366 1804 1444 1839 quod
1464 1803 1521 1830 sint
1543 1804 1669 1835 diversa,
1684 1803 1720 1829 ad
1741 1803 1796 1830 hoc
1813 1804 1832 1818 ¹¹
1845 1803 1976 1838 sequitur
1989 1802 2075 1833 idem,
2089 1807 2119 1828 et

644 1855 698 1881 hoc
719 1859 799 1890 patet
821 1858 957 1888 quattuor
976 1853 1146 1879 rationibus.
1221 1852 1315 1878 Prima
1336 1852 1401 1878 talis
1421 1857 1473 1878 est.
1498 1851 1570 1878 lllud
1592 1851 1619 1877 in
1640 1859 1698 1886 quo
1718 1855 1784 1877 sunt
1808 1851 1906 1885 plures
1927 1850 2039 1876 formae
2059 1859 2118 1876 non

645 1906 740 1938 potest
761 1910 826 1928 esse
846 1911 933 1928 unum
954 1910 1006 1927 cns
1026 1901 1197 1936 simpliciter
1217 1906 1245 1926 et
1273 1909 1323 1935 per
1345 1910 1384 1925 se.
1409 1899 1467 1925 Sed
1491 1899 1560 1925 illud
1583 1898 1662 1934 quod
1686 1908 1742 1924 non
1765 1903 1810 1925 est
1832 1907 1919 1924 unum
1939 1907 1992 1924 ens
2012 1907 2063 1933 per
2086 1906 2120 1924 se

643 1959 700 1977 non
722 1955 818 1985 potest
847 1951 954 1976 halvere
985 1958 1071 1975 unum
1099 1954 1194 1975 actum
1223 1948 1348 1974 essendi.
1366 1948 1442 1981 Ergo
1463 1952 1490 1973 et
1511 1952 1617 1973 cetera.
1638 1946 1731 1973 Minor
1751 1951 1841 1981 patet,
1861 1946 1928 1981 quia
1948 1946 2018 1972 illud
2039 1945 2119 1980 quod

643 2007 700 2024 non
721 2003 764 2024 est
785 2007 871 2024 unum
890 1999 908 2013 ¹²
927 1997 1098 2032 simpliciter
1118 1997 1168 2022 <etl
1191 2001 1301 2022 tantum
1322 2005 1374 2030 per
1394 1995 1540 2026 accidens,
1567 2003 1618 2030 per
1638 2003 1670 2021 se
1690 1994 1839 2028 loquendo
1862 1998 1906 2020 est
1926 1994 2018 2027 plura,
2039 1993 2117 2028 quod

643 2055 700 2072 non
722 2051 820 2080 posset
842 2046 902 2071 tieri
924 2045 977 2071 nisi
998 2045 1119 2070 haberet
1139 2044 1220 2078 plura
1242 2052 1315 2069 esse.
1340 2043 1431 2068 Maior
1454 2047 1550 2068 autem
1573 2042 1722 2077 probatur,
1742 2042 1809 2076 quia
1830 2050 1916 2067 unum
1938 2050 1990 2076 per
2008 2050 2040 2067 se
2060 2049 2118 2067 non

643 2094 754 2120 faciunt
774 2094 827 2119 nisi
853 2093 900 2119 illa
921 2101 1042 2127 quorum
1072 2100 1159 2117 unum
1184 2096 1228 2117 est
1251 2091 1382 2126 potentia
1406 2099 1478 2125 pura
1501 2095 1529 2116 et
1552 2090 1630 2116 aliud
1652 2094 1697 2116 est
1717 2095 1800 2116 actus
1822 2088 1993 2124 simpliciter
2008 2089 2036 2115 ¹³.
2057 2088 2123 2115 Secr

643 2142 712 2168 illud
742 2141 820 2176 quod
850 2142 906 2167 iam
935 2141 1024 2166 habet
1053 2139 1178 2174 aliquam
1209 2138 1331 2164 formam
1361 2146 1418 2164 non
1447 2142 1545 2173 potest
1568 2137 1624 2164 dici
1649 2146 1719 2172 pura
1742 2137 1884 2172 potentia,
1902 2145 1957 2163 nec
1978 2145 2030 2172 per
2050 2145 2119 2163 con-

642 2198 770 2224 sequens
799 2193 882 2215 actus
910 2188 1121 2223 superveniens
1150 2191 1247 2221 potest
1271 2186 1327 2212 dici
1351 2191 1434 2212 actus
1457 2185 1531 2212 dans
1555 2194 1621 2211 esse
1640 2185 1820 2220 simpliciter.
1843 2185 1922 2219 Ergo
1944 2184 2015 2211 illud
2037 2184 2118 2219 quod

643 2237 699 2263 iam
720 2237 808 2263 habet
828 2236 954 2271 aliquam
976 2235 1098 2262 formam
1120 2243 1184 2261 cum
1206 2234 1262 2260 alia
1282 2233 1508 2269 superveniente
1531 2242 1588 2259 non
1609 2237 1706 2268 potest
1726 2241 1792 2260 esse
1808 2234 1827 2248 ¹⁴
1846 2241 1934 2258 unum
1955 2240 2007 2259 ens
2020 2241 2073 2267 per
2086 2240 2119 2258 se

643 2289 672 2311 et
692 2285 870 2319 simpliciter.
894 2285 930 2310 Et
953 2292 1005 2318 per
1027 2291 1212 2317 consequens
1232 2287 1313 2317 patet
1334 2281 1412 2316 quod
1433 2281 1503 2307 illud
1519 2282 1540 2296 ¹⁵
1562 2281 1590 2307 in
1610 2289 1668 2316 quo
1688 2285 1754 2307 sunt
1773 2280 1872 2316 plures
1890 2279 2004 2306 formae
2029 2282 2033 2313 Ι
2059 2288 2118 2306 non

643 2337 687 2359 est
716 2341 803 2359 unum
833 2340 884 2359 ens
914 2340 966 2367 per
994 2340 1035 2361 se.
1055 2335 1084 2356 et
1112 2330 1153 2356 sic
1183 2334 1264 2365 patet
1293 2330 1385 2355 maior
1401 2330 1428 2355 ¹⁶.
1452 2345 1483 2348 —
1508 2328 1645 2355 Secunda
1668 2327 1734 2354 talis
1756 2332 1808 2354 est.
1832 2327 1998 2354 Secundum
2022 2327 2119 2354 Philo·

734 2480 738 2493 ¹
758 2478 821 2504 sive
843 2478 874 2503 t'.
896 2493 926 2496 —
953 2478 963 2492 ²¹
987 2477 1163 2510 completum
1185 2476 1217 2501 (J,
1243 2491 1274 2494 -
1300 2476 1310 2490 ³
1330 2484 1394 2501 esse
1417 2475 1485 2500 adul.
1509 2477 1538 2500 et
1558 2477 1683 2509 expuens.
1709 2474 1741 2500 C.
1766 2489 1798 2492 —
1824 2475 1833 2489 ⁴
1853 2473 2003 2499 rationalis
2027 2472 2060 2499 C.

642 2524 651 2536 ⁵
671 2522 804 2548 rationali
825 2522 857 2547 C.
879 2537 909 2539 —
931 2522 941 2535 ὓ
961 2521 1085 2555 probant
1100 2520 1131 2546 C.
1154 2536 1184 2537 j
1207 2520 1215 2533 ⁷
1229 2528 1300 2552 ergo
1314 2524 1343 2544 et
1357 2524 1454 2544 cetera
1472 2519 1540 2544 «cdd.
1556 2517 1588 2545 C.
1603 2533 1635 2536 —
1651 2518 1661 2532 ⁹
1673 2517 1807 2544 subiecto
1821 2517 1890 2543 add.
1903 2519 1931 2543 el
1943 2519 2068 2551 expunx.

640 2579 672 2583 —
688 2566 698 2580 ⁰
713 2565 822 2599 aliquid
843 2564 1029 2599 participare]
1050 2563 1227 2598 participare
1248 2562 1356 2597 aliquid
1372 2562 1403 2588 C.
1419 2578 1450 2580 —
1475 2564 1494 2577 ¹⁰
1506 2570 1563 2588 non
1585 2563 1692 2597 potest]
1712 2570 1767 2587 οηι.
1781 2560 1819 2592 83
1839 2561 1907 2586 add.
1927 2566 1961 2586 2⁰
1982 2569 2019 2586 m.
2039 2559 2068 2586 S.

643 2611 661 2624 ¹²
683 2609 720 2635 ad
740 2610 795 2635 lluc
815 2609 885 2642 (sic)
906 2609 936 2634 C.
958 2623 990 2626 —-
1014 2608 1033 2622 ¹²¹
1052 2616 1106 2632 om.
1128 2607 1160 2633 (¹.
1182 2623 1213 2625 —
1237 2607 1256 2621 ¹³
1277 2614 1365 2641 purus
1385 2611 1413 2632 et
1436 2606 1560 2640 simplex
1581 2605 1613 2631 C.
1634 2620 1666 2624 -—
1689 2606 1708 2620 ¹¹
1729 2604 1787 2630 dici
1807 2604 1839 2630 C.
1859 2619 1892 2623 —
1915 2604 1935 2618 ’ὅ
1954 2612 2009 2629 om.
2030 2603 2062 2630 C.

643 2653 663 2668 ¹⁰
682 2661 753 2687 ergo
774 2657 802 2679 et
823 2657 920 2678 cetera
940 2652 1007 2677 aad.
1029 2650 1060 2677 C.

2083 2489 2126 2622 ¹¹0¹
