2493 3458
554 1782 618 1808 cod.
631 1782 655 1808 V

523 1816 574 1844 fol.
584 1820 636 1844 ⁴260
647 1818 688 1843 Vb

712 444 745 468 76
1076 443 1263 469 MAGISTRI
1294 443 1511 469 ‹;()1)}·:FR11)1
1543 443 1592 470 DE
1623 443 1818 470 Fox'rlffls

713 531 884 573 aliquibus
913 532 1090 573 quomodo
1120 532 1403 573 Augustinusss)
1434 534 1501 564 hoc
1534 544 1603 564 non
1635 533 1726 571 vidit,
1752 534 1808 575 qui
1843 540 1972 565 tantum
2003 535 2182 574 laboravit,

712 589 848 621 decimo
866 596 899 621 et
924 589 1132 621 duodecimo
1158 590 1201 621 de
1231 590 1378 621 (Yivitzite
1409 590 1482 629 liei,
1501 597 1619 622 contra
1648 590 1855 632 positionem
1883 591 2182 634 philosophorum,

713 647 754 678 ad
789 648 1044 679 ostendendum
1077 648 1170 688 quod
1205 648 1353 678 mundus
1387 659 1455 679 non
1499 648 1619 679 fuisset
1659 655 1830 685 aeternus,
1867 649 1908 680 ad
1951 650 2018 681 hoc
2058 650 2182 681 multas

712 704 862 737 rationes
894 704 1104 743 inducendo,
1134 705 1213 746 quia
1243 706 1310 736 hoc
1340 705 1460 736 fuisset
1489 705 1729 737 efficacissima
1759 706 1812 736 via
1840 706 1882 737 ad
1917 705 2181 748 improbandum

712 762 946 794 aeternitatem
965 762 1094 800 mundi,
1114 762 1243 794 scilicet
1263 774 1323 804 pvr
1341 763 1604 804 repugnantiam
1631 763 1834 795 intellectus.
1855 764 1955 795 Hanc
1984 764 2074 795 enim
2094 764 2181 796 viam

712 820 956 862 praetermittit,
987 820 1067 861 quin
1098 820 1201 851 immo
1234 820 1367 851 videtur
1400 820 1541 851 innuere
1573 821 1666 861 quod
1693 832 1762 852 non
1796 821 1838 852 sit
1871 821 1914 852 ibi
1952 821 2181 863 repugnantia

711 878 956 917 intellectuum,
986 883 1021 909 ut
1051 884 1143 919 patet
1171 888 1212 909 ex
1242 878 1412 919 aliquibus
1441 878 1540 909 (lictis
1566 878 1636 909 suis
1671 878 1725 909 ihi.
1760 878 1880 910 Mirum
1909 877 2010 910 etiam
2045 879 2180 911 videtur

711 936 887 977 quomodo
928 935 1123 977 philosophi
1166 935 1429 977 repugnantiam
1468 936 1582 966 hanc'
1624 935 1858 967 intellectuum
1899 947 1969 967 non
2011 936 2180 979 viderunt.

712 994 812 1026 Unde
842 1004 919 1025 cum
949 993 1073 1025 (licitur
1101 993 1194 1034 quod
1224 994 1267 1025 (16
1297 1005 1333 1023 sn·
1363 1004 1432 1024 non
1459 994 1563 1024 habet
1592 1004 1680 1030 esse,
1699 994 1742 1024 al»
1769 993 1836 1024 alio
1863 993 2007 1035 acquirit
2032 1004 2120 1032 esse,
2146 1000 2179 1026 et

712 1051 803 1083 vadit
821 1051 863 1082 de
889 1062 959 1082 non
985 1062 1062 1082 esse
1088 1051 1131 1082 ad
1157 1062 1245 1088 esse,
1272 1057 1303 1082 et
1334 1051 1426 1092 prius
1456 1051 1559 1082 habet
1585 1061 1654 1082 non
1681 1062 1758 1082 esse
1784 1062 1886 1092 quam
1912 1062 1990 1082 esse
2015 1058 2048 1083 et
2065 1051 2182 1083 omnia

711 1109 799 1147 talia,
826 1109 1049 1151 intelligenda
1078 1115 1157 1140 sunt
1182 1108 1231 1139 sic
1256 1109 1349 1149 quod
1376 1108 1465 1139 istud
1496 1108 1542 1139 ire
1568 1114 1599 1139 ct
1626 1108 1707 1139 illud
1735 1109 1862 1139 habere
1887 1119 1957 1140 non
1984 1119 2062 1140 esse
2087 1109 2182 1151 prius

711 1173 762 1199 est
780 1167 972 1198 secundum
992 1172 1147 1198 naturam
1167 1172 1199 1197 et
1225 1166 1365 1197 modum
1393 1165 1615 1206 intelligendi,
1642 1176 1711 1196 non
1739 1166 1930 1197 secundum
1955 1166 2182 1206 durationem,

711 1231 746 1257 ut
774 1225 905 1256 scilicet
933 1224 1013 1265 quia
1042 1230 1198 1256 creatura
1226 1234 1314 1264 quae
1344 1224 1386 1254 cle
1416 1234 1453 1254 se
1481 1234 1550 1254 non
1581 1224 1683 1254 hahet
1714 1234 1791 1254 esse
1819 1224 1862 1254 ab
1895 1223 1961 1254 alio
1994 1224 2098 1255 habet
2128 1224 2181 1255 vel

710 1282 835 1324 accipit
860 1293 938 1314 esse
963 1288 996 1313 et
1021 1287 1144 1313 cetera.

799 1340 886 1372 Cum
920 1339 1020 1371 etiam
1054 1339 1177 1370 dicitur
1208 1339 1301 1380 quod
1334 1338 1360 1369 si
1396 1339 1545 1369 mundus
1578 1348 1714 1379 semper
1753 1338 1860 1369 fuisse
1902 1338 2082 1380 potuisset,
2113 1339 2182 1371 hoc

710 1398 822 1440 posito
851 1397 884 1428 in
915 1408 1002 1434 esse,
1033 1396 1182 1428 mundus
1212 1407 1387 1437 nunquam
1419 1396 1587 1437 potuisset
1623 1407 1692 1427 non
1724 1395 1840 1433 fuisse,
1869 1395 2054 1427 dicendum
2085 1397 2180 1438 quod

710 1455 886 1498 potentiae
918 1455 1103 1486 rationales
1137 1460 1216 1485 sunt
1249 1454 1291 1485 ad
1325 1453 1497 1495 opposita.
1533 1453 1633 1485 Unde
1677 1453 1771 1484 Deus
1812 1454 1855 1485 ab
1896 1460 2038 1485 aeterno
2072 1454 2185 1496 potuit

710 1514 824 1545 facere
854 1519 886 1545 et
915 1524 984 1544 non
1015 1513 1140 1550 facere,
1169 1519 1202 1543 et
1230 1511 1262 1542 in
1295 1512 1368 1542 Deo
1398 1511 1460 1542 fuit
1480 1511 1490 1527 ²
1515 1510 1614 1542 simul
1640 1511 1683 1542 al)
1709 1517 1851 1542 aeterno
1877 1522 1982 1552 posse
2008 1511 2132 1550 facere,
2151 1518 2184 1544 et

709 1582 779 1602 non
799 1571 922 1607 facere,
942 1576 974 1601 et
992 1581 1096 1612 posse
1113 1569 1342 1601 determinare
1360 1581 1397 1600 se
1423 1569 1465 1600 ad
1494 1569 1608 1600 facere
1635 1569 1686 1600 vel
1713 1579 1782 1600 non
1809 1568 1933 1607 facere,
1955 1568 2027 1600 sive
2053 1569 2183 1613 eligere

710 1629 762 1660 vel
788 1628 874 1660 velle
903 1628 1018 1660 facere
1048 1627 1100 1659 vel
1133 1638 1202 1658 non
1232 1627 1354 1658 facere.
1376 1626 1416 1658 Et
1445 1626 1471 1657 si
1502 1626 1652 1657 mundus
1682 1626 1796 1657 faetus·
1825 1626 1947 1658 fuisset
1973 1627 2016 1657 ab
2041 1632 2184 1659 aeterno

711 1687 879 1724 absolute,
908 1692 1022 1717 tamen
1053 1685 1148 1716 Deus
1177 1695 1314 1726 semper
1343 1683 1513 1725 potuisset
1542 1683 1653 1725 ipsum
1684 1684 1796 1715 facere
1826 1684 1877 1715 vel
1905 1694 1974 1715 non
2002 1683 2125 1722 facere,
2151 1690 2184 1716 et

712 1743 960 1776 determinasse
990 1753 1028 1775 se
1056 1743 1098 1774 ad
1130 1743 1244 1774 facere
1274 1742 1326 1773 vel
1357 1752 1427 1773 non
1457 1742 1571 1773 facere
1601 1741 1672 1773 sive
1695 1741 1845 1783 elegisse
1874 1742 1927 1773 vel
1954 1741 2040 1773 velle
2070 1742 2184 1774 facere

712 1806 745 1833 et
762 1812 832 1833 non
851 1801 975 1833 facere.
1002 1800 1042 1832 Et
1060 1800 1165 1832 libere
1196 1802 1199 1839 Ι
1232 1800 1275 1831 ad
1302 1799 1415 1831 facere
1441 1800 1484 1830 al)
1509 1805 1650 1831 aeterno
1669 1809 1706 1830 se
1731 1798 1995 1830 determinasset
2020 1805 2053 1830 et
2078 1799 2184 1832 libere

712 1859 860 1897 fecisset,
891 1859 924 1890 id
953 1864 1004 1890 est
1033 1869 1096 1889 sua
1124 1857 1230 1889 libera
1258 1857 1435 1889 voluntate
1464 1857 1507 1888 ab
1538 1857 1613 1898 ipso
1643 1857 1686 1888 al)
1715 1863 1856 1888 aeterno
1886 1867 1964 1888 esse
1994 1856 2183 1895 habuisset,

711 1917 756 1949 ita
777 1923 891 1949 tamen
911 1916 922 1932 ³
950 1916 1043 1958 quod
1069 1916 1228 1947 absolute
1258 1915 1436 1956 loquendo
1465 1914 1566 1946 etiam
1593 1914 1698 1946 libera
1724 1914 1900 1946 voluntate
1926 1914 2095 1956 potuisset
2113 1925 2183 1946 non

710 1974 876 2006 habuisse
905 1985 992 2006 esse.
1023 1973 1120 2005 Sicut
1149 1984 1234 2015 ergo
1263 1983 1301 2005 se
1328 1971 1569 2004 determinavit
1597 1972 1640 2003 ad
1669 1972 1783 2004 facere
1812 1971 1884 2003 sive
1913 1972 1955 2003 ad
1987 1973 2055 2004 hoc
2089 1972 2183 2013 quod

711 2033 860 2064 mundus
886 2038 977 2064 esset
1001 2033 1044 2063 ab
1070 2031 1156 2073 ipso,
1182 2031 1233 2062 sic
1257 2031 1362 2061 habet
1387 2040 1465 2062 esse
1490 2030 1533 2061 ab
1559 2029 1646 2071 ipso,
1672 2035 1705 2061 et
1730 2029 1809 2061 ideo
1837 2030 1949 2061 solum
1982 2040 2023 2061 ex
2055 2040 2183 2072 suppo-

710 2089 834 2122 sitione
863 2090 1013 2121 mundus
1047 2090 1089 2121 de
1122 2088 1329 2121 necessitate
1363 2089 1467 2119 hahet
1499 2098 1576 2120 esse
1609 2098 1737 2119 novum
1771 2097 1790 2118 a
1823 2087 1910 2126 Deo,
1939 2087 2020 2128 quia
2052 2087 2183 2119 scilicet

711 2148 807 2180 Deus
835 2147 941 2179 libere
970 2158 1007 2179 se
1036 2146 1276 2179 determinavit
1305 2146 1347 2177 ad
1379 2146 1447 2177 hoe
1480 2145 1574 2186 quod
1610 2145 1716 2176 voluit
1749 2145 1914 2176 mundum
1947 2145 1997 2177 sic
2029 2155 2107 2177 esse
2139 2145 2183 2177 ab

710 2205 786 2247 ipso
830 2206 880 2237 Ex
908 2216 977 2247 quo
1006 2210 1119 2236 autem
1149 2204 1199 2236 sic
1227 2214 1264 2235 se
1300 2203 1538 2235 determinavit
1569 2213 1639 2234 non
1673 2202 1784 2244 potuit
1820 2213 1890 2234 non
1923 2202 2182 2241 determinasse,

710 2269 744 2296 et
767 2264 846 2295 ideo
872 2274 912 2295 ex
937 2262 1178 2305 suppositione
1204 2261 1354 2293 mundus
1379 2261 1475 2292 aliter
1499 2261 1542 2292 ab
1568 2260 1644 2302 ipso
1669 2270 1740 2292 non
1765 2259 1876 2302 potuit
1901 2270 1988 2292 esse.
2007 2260 2077 2293 Sed
2103 2259 2183 2301 quia

710 2322 868 2354 absolute
896 2321 1073 2362 loquendo
1102 2320 1195 2351 nulla
1223 2318 1432 2351 necessitate
1461 2319 1504 2349 ad
1531 2319 1599 2350 hoc
1630 2329 1668 2349 se
1697 2317 1947 2356 determinavit,
1976 2318 2039 2349 sed
2071 2317 2183 2360 potuit

709 2391 747 2412 se
779 2379 1028 2412 determinasse
1058 2378 1101 2409 ad
1130 2377 1227 2409 aliter
1255 2377 1380 2414 facere,
1406 2376 1485 2408 ideo
1515 2376 1673 2407 absolute
1701 2375 1878 2417 loquendo
1903 2376 2054 2407 mundus
2079 2375 2181 2407 etiam

709 2448 780 2469 non
808 2436 858 2468 sic
887 2437 930 2468 de
958 2446 1052 2467 novo
1081 2436 1124 2467 de
1152 2433 1360 2466 necessitate
1389 2440 1441 2465 est
1470 2433 1592 2465 factus.
1624 2432 1659 2465 Si
1679 2432 1781 2464 etiam
1811 2432 1934 2464 fuisset
1959 2433 2002 2464 ab
2027 2438 2181 2472 aeterno,

800 2594 807 2608 ¹
822 2602 876 2619 om.
890 2592 921 2619 P.
935 2608 968 2611 —
983 2592 993 2607 ⁴·‘
1006 2591 1094 2618 fuerit
1107 2591 1137 2617 P.
1149 2607 1180 2610 —
1196 2591 1206 2606 ³
1220 2599 1274 2625 qm.
1289 2590 1319 2616 P.

798 2696 834 2729 (li
856 2694 915 2721 Cfri
935 2693 1174 2728 Augustinus,
1198 2692 1242 2718 De
1266 2691 1394 2718 Civitate
1414 2690 1472 2716 Dei
1492 2690 1509 2715 1.
1526 2690 1560 2722 X,
1580 2698 1604 2716 c.
1618 2690 1650 2716 31
1673 2689 1714 2722 (Ρ.
1739 2689 1778 2722 L.‚
1798 2689 1854 2715 vol.
1868 2690 1912 2721 41,
1932 2689 1986 2715 col.
2000 2689 2080 2721 311);
2099 2688 2116 2715 l.
2130 2688 2181 2722 XI,

710 2749 733 2768 c.
747 2741 764 2766 4
779 2739 843 2772 (col.
857 2740 937 2770 319i;
951 2738 968 2764 l.
983 2738 1046 2769 XII,
1061 2746 1084 2763 c.
1100 2739 1132 2763 15
1146 2741 1175 2763 et
1190 2738 1223 2763 16
1237 2736 1303 2769 (eol.
1317 2735 1455 2765 363-366).
