2493 3458
691 435 742 459 208
1046 432 1235 459 MAGlsTRl
1274 431 1492 459 GODEFRIDI
1522 431 1573 458 DE
1603 431 1798 460 FONTIBUS

691 522 919 565 magistrifl),
945 528 976 554 et
1013 522 1099 554 inter
1131 522 1206 554 illos
1242 521 1454 563 antiquiores
1483 527 1516 554 et
1551 521 1714 560 iuniores,
1745 522 1840 564 quod
1872 521 2032 554 nesciunt
2067 521 2159 554 illurn

691 580 879 617 articulum,
905 591 945 612 ex
975 591 1044 621 quo
1077 591 1198 611 omnes
1223 579 1388 621 praedicti
1418 579 1515 621 sequi
1541 579 1711 618 dicuntur,
1741 579 1891 611 Parisius
1916 579 2069 612 habitum
2095 590 2158 622 pro

691 638 824 669 haeresi
865 638 916 669 vel
954 648 1078 669 errore.
1116 637 1236 669 Mirum
1270 644 1321 669 est
1354 648 1438 680 ergo
1471 637 1649 679 quomodo
1686 647 1776 668 unus
1813 637 1918 669 homo
1954 637 2076 669 asserit
2109 637 2160 670 sic

504 688 668 754 sofqgljgxzm
692 695 828 737 publice
870 695 944 726 illos
983 695 1144 726 articulos
1181 695 1213 726 in
1250 705 1287 727 se
1327 695 1379 727 vel
1417 695 1449 726 in
1491 694 1555 726 sibi
1587 694 1754 726 similibus
1789 694 1982 733 damnatos,
2015 696 2019 736 Ι
2051 700 2085 727 et
2116 695 2160 727 ad

548 748 553 753 ’
692 764 853 795 magnam
887 753 1060 784 infamiam
1091 752 1312 794 plurimorum
1348 763 1419 784 non
1452 753 1563 784 solum
1598 752 1630 784 in
1661 752 1788 794 Anglia
1821 753 1883 784 sed
1916 752 2160 794 undecumque

690 811 870 843 denuntiat
895 810 1215 843 excommunicatos
1240 821 1362 842 omnes
1387 810 1444 852 qui
1470 810 1618 852 aliquam
1645 821 1686 842 ex
1711 809 1774 842 illis
1799 810 1852 842 vel
1875 820 1997 842 omnes
2021 810 2150 843 docent

691 869 738 900 lix
765 869 832 900 lioc
857 874 970 900 autem
998 869 1102 900 modo
1127 868 1314 900 damnandi
1340 867 1532 900 immineret
1555 868 1688 911 grande
1711 867 1911 910 periculum.

778 926 840 958 llis
880 932 993 958 tamen
1035 926 1116 957 visis
1164 932 1278 968 potest
1325 932 1442 968 patere
1482 926 1660 967 quomodo
1699 931 1752 958 est
1791 925 2075 967 respondendum
2115 925 2160 958 ad

689 984 927 1025 quaestionem
954 983 1176 1026 propositam.
1208 984 1293 1015 Nam
1323 995 1400 1016 cum
1427 983 1601 1025 quaeritur
1629 989 1740 1015 utrum
1767 993 1946 1015 erroneum
1977 982 2019 1014 sit
2043 982 2160 1016 dicere

689 1042 782 1083 quod
812 1052 939 1083 corpus
972 1041 1097 1073 Christi
1131 1041 1198 1083 [sit]
1233 1048 1402 1073 mortuum
1435 1048 1468 1073 et
1499 1052 1628 1083 corpus
1656 1040 1798 1073 latronis
1823 1047 1995 1072 mortuum
2022 1041 2160 1073 fuerunt

689 1110 835 1141 corpora
875 1099 1077 1141 aequivoce,
1111 1105 1168 1131 aut
1201 1099 1315 1131 dicere
1348 1100 1442 1141 quod
1482 1109 1630 1141 corpora
1671 1110 1789 1131 eorum
1834 1099 1973 1130 fuerunt
2011 1108 2159 1140 corpora

688 1157 836 1189 univoce
869 1157 911 1188 sit
943 1168 1136 1195 erroneum,
1170 1163 1221 1189 est
1253 1157 1440 1189 dicendum
1473 1157 1567 1198 quod
1596 1167 1778 1188 erroneum
1808 1156 1942 1188 videtur
1965 1166 2044 1188 esse
2076 1156 2159 1188 illud

689 1226 748 1256 per
773 1215 866 1256 quod
895 1215 1052 1246 deviatur
1078 1226 1097 1246 a
1126 1215 1330 1246 rectitudine
1362 1214 1435 1246 viae
1465 1226 1526 1256 per
1550 1226 1651 1256 quam
1687 1214 1837 1246 tenditur
1861 1215 1904 1246 ad
1931 1214 2043 1246 finem.
2070 1214 2158 1246 Cum

687 1283 771 1313 crgo
797 1273 839 1304 ad
869 1273 1012 1305 sulutem
1043 1278 1217 1304 aeternum
1247 1284 1336 1314 quae
1365 1279 1417 1305 est
1447 1272 1523 1304 linis
1554 1278 1683 1310 noster,
1712 1272 1944 1314 procedamus
1977 1282 2038 1314 per
2070 1271 2158 1304 viam

687 1331 939 1362 credendorum
960 1336 991 1362 et
1017 1331 1242 1371 agendorum,
1273 1331 1354 1362 illud
1380 1342 1440 1372 per
1464 1331 1558 1372 quod
1583 1330 1739 1362 deviatur
1766 1340 1786 1362 a
1811 1329 2017 1362 rectitudine
2042 1329 2158 1362 iudicii

687 1394 720 1420 et
749 1388 781 1419 in
811 1389 995 1420 credendis
1025 1389 1076 1420 vel
1103 1388 1259 1429 agendis,
1286 1399 1467 1420 erroneum
1494 1388 1632 1430 proprie
1650 1393 1765 1430 potest
1782 1387 1861 1419 dici.
1882 1387 2026 1419 Falsitas
2043 1393 2158 1420 autem

687 1445 779 1478 circa
818 1447 993 1478 credenda
1029 1453 1061 1478 et
1101 1446 1191 1478 circa
1231 1446 1368 1487 agenda
1401 1445 1599 1478 necessaria
1639 1446 1682 1477 ud
1715 1445 1859 1477 salutem
1901 1455 1920 1476 a
1953 1445 2157 1477 rectitudine

686 1503 788 1535 huius
805 1503 879 1536 viae
905 1503 1044 1536 deviare
1063 1504 1143 1536 facit
1160 1510 1193 1536 et
1218 1503 1266 1535 sic
1291 1514 1414 1535 errare.
1442 1503 1482 1535 Et
1506 1503 1586 1535 ideo
1612 1502 1743 1535 salsitas
1769 1503 1802 1534 in
1827 1503 1953 1534 talibus
1973 1513 2157 1535 erroneum

686 1561 823 1604 proprie
857 1561 1036 1600 iudicatur,
1062 1561 1095 1593 in
1121 1561 1195 1593 aliis
1221 1568 1334 1594 nutem
1361 1561 1560 1603 simpliciter
1592 1561 1722 1593 falsitas
1747 1560 1872 1593 dicitur
1896 1566 1929 1592 et
1953 1571 2023 1593 non
2053 1571 2157 1600 error,

685 1619 764 1661 quia
787 1631 848 1662 per
873 1619 962 1651 illam
988 1631 1058 1651 non
1085 1619 1134 1652 sic
1159 1631 1178 1651 a
1199 1619 1404 1651 rectitudine
1429 1619 1504 1651 viae
1529 1619 1630 1651 nobis
1656 1618 1876 1651 necessariae
1900 1618 2080 1651 deviamus
2104 1619 2158 1651 vel

684 1678 894 1710 oberramus.
918 1677 1011 1709 Talis
1037 1683 1147 1709 autem
1174 1688 1319 1709 erronea
1338 1677 1468 1709 salsitas
1495 1677 1522 1708 si
1541 1676 1762 1719 pertinaciter
1778 1676 1987 1708 defendatur
2003 1676 2157 1709 haeresis

684 1735 808 1767 dicitur
834 1741 867 1768 et
893 1735 1103 1768 haereticum
1135 1735 1224 1767 facit.
1251 1736 1338 1767 Cum
1365 1735 1467 1776 iggitur
1495 1735 1538 1766 de
1565 1734 1774 1767 necessitate
1801 1733 1922 1766 salutis
1947 1733 1990 1766 sit
2013 1734 2157 1766 credere

684 1793 857 1825 Christum
884 1804 963 1825 vere
989 1799 1021 1825 et
1050 1793 1249 1825 naturaliter
1274 1799 1456 1829 mortuum,
1483 1798 1515 1824 et
1544 1792 1646 1824 etiam
1675 1802 1716 1824 ea
1745 1802 1834 1833 quae
1861 1791 1951 1824 circa
1980 1791 2156 1824 veritatem

682 1856 825 1883 naturae
853 1852 1026 1883 humanae
1056 1850 1088 1882 in
1116 1850 1256 1882 Christo
1289 1857 1357 1882 tam
1394 1850 1472 1881 vivo
1499 1861 1601 1892 quam
1634 1855 1769 1881 mortuo
1799 1849 1843 1880 ad
1872 1848 2049 1881 veritatem
2075 1849 2156 1881 fidei

683 1908 886 1950 pertineant,
920 1914 952 1940 et
988 1909 1093 1940 altera
1133 1909 1301 1940 dictarum
1339 1907 1551 1950 positionum
1593 1914 1645 1939 est
1681 1907 1777 1945 fals-a,
1814 1912 1951 1949 oportet
1982 1907 2078 1948 quod
2113 1906 2157 1939 sit

682 1966 817 2004 realiter
847 1977 1002 1998 erronea.
1033 1966 1103 1998 Sed
1134 1966 1299 2007 quamdiu
1329 1977 1398 1997 non
1433 1972 1484 1997 cst
1513 1965 1656 1997 evidens
1685 1971 1718 1997 et
1748 1964 1966 1996 manifestum
1995 1975 2085 2006 quae
2113 1964 2157 1997 sit

682 2023 746 2059 illa,
786 2035 1040 2065 quamcumque
1075 2024 1281 2066 positionem
1316 2024 1348 2055 in
1389 2023 1588 2055 huiusmodi
1621 2028 1745 2055 tenens
1783 2033 1854 2054 non
1895 2022 1999 2054 debet
2036 2032 2155 2054 errans

682 2081 834 2119 iudicari,
864 2092 930 2114 nec
955 2081 1055 2114 etiam
1082 2088 1170 2113 errat
1195 2093 1310 2113 errore
1335 2081 1414 2113 dico
1443 2080 1617 2123 culpabili,
1640 2081 1702 2112 sed
1727 2090 1844 2112 errore
1873 2079 2022 2122 poenali,
2047 2085 2080 2112 et
2103 2079 2155 2112 sic

681 2139 836 2171 excusari
854 2139 954 2171 etiam
973 2145 1087 2181 potest
1104 2139 1178 2171 sine
1197 2139 1350 2181 periculo
1369 2139 1402 2170 in
1419 2138 1486 2170 fide
1505 2144 1538 2170 et
1558 2139 1690 2180 absque
1708 2143 1853 2180 peccato
1872 2137 2036 2170 haeresis.
2053 2137 2154 2178 Quae

680 2196 758 2229 licet
775 2197 936 2229 sustineri
953 2198 996 2228 ab
1014 2197 1068 2229 his
1093 2197 1218 2238 quibus
1236 2208 1306 2228 non
1325 2203 1376 2229 est
1394 2196 1576 2228 manifesta
1595 2195 1720 2228 veritas
1738 2195 1772 2227 in
1791 2194 1964 2237 positione
1982 2195 2154 2227 contraria

679 2254 722 2285 illi
755 2265 856 2296 quam
889 2260 1030 2286 teneret.
1064 2255 1134 2286 Sed
1167 2266 1244 2286 cum
1279 2254 1379 2286 fuerit
1412 2254 1603 2292 manifesta,
1637 2253 1702 2285 iam
1736 2253 1892 2285 volentes
1921 2263 2018 2285 suam
2051 2252 2079 2285 si
2110 2252 2153 2285 sit

680 2312 850 2343 contraria
876 2318 1004 2347 tenere,
1031 2312 1194 2344 haeretici
1219 2320 1347 2343 essent.

767 2371 855 2401 Cum
895 2369 1018 2402 dieitur
1058 2370 1091 2401 in
1124 2376 1331 2412 argumento
1368 2370 1463 2411 quod
1500 2380 1570 2401 non
1606 2369 1763 2408 univoce,
1789 2369 1869 2410 quia
1901 2379 2030 2410 corpus·
2062 2368 2150 2401 Petri

677 2433 848 2459 mortuum
886 2433 957 2459 erat
989 2438 1116 2470 corpus
1153 2428 1196 2459 ab
1237 2427 1302 2458 alia
1335 2428 1445 2459 forma
1477 2438 1579 2469 quam
1613 2437 1692 2459 cum
1724 2431 1798 2459 erat
1828 2426 1955 2465 vivum,
1987 2436 2059 2458 non
2099 2425 2151 2458 sic

677 2490 791 2517 autem
809 2495 937 2527 corpus
962 2485 1099 2523 Christi,
1124 2485 1317 2517 secundum
1344 2485 1419 2517 illos
1444 2496 1577 2522 omnes,
1603 2484 1758 2526 exceptis
1787 2483 1907 2525 paucis
1932 2483 1990 2525 qui
2016 2489 2152 2525 ponunt

677 2543 793 2584 plures
819 2543 947 2574 formas
972 2543 1006 2574 in
1032 2542 1182 2577 homine,
1209 2562 1240 2565 —
1261 2542 1432 2574 diceretur
1456 2543 1549 2584 quod
1576 2542 1680 2574 immo
1705 2552 1833 2583 corpus
1858 2541 1949 2573 Petri
1978 2540 2092 2572 vivum
2117 2546 2151 2572 et

676 2606 848 2632 mortuum
882 2600 982 2632 fuerit
1012 2610 1140 2642 corpus
1174 2601 1217 2631 ab
1250 2601 1371 2632 eadem
1411 2600 1521 2631 forma
1558 2599 1787 2638 substantiali,
1827 2599 1873 2631 ita
1912 2599 2006 2640 quod
2047 2598 2149 2631 etiam

765 2737 803 2771 tl)
823 2735 856 2761 V.
877 2744 918 2770 gr.
938 2735 1113 2761 Henricus
1133 2735 1173 2761 de
1195 2735 1379 2766 Gandavo,
1395 2735 1499 2773 Quodl.
1514 2735 1548 2767 X,
1563 2743 1589 2771 q.
1603 2736 1620 2761 5
1633 2739 1663 2767 tt.
1679 2735 1714 2762 11.
1728 2733 1777 2760 fol.
1795 2735 1846 2760 148
1859 2733 1927 2767 (bis)
1943 2733 2059 2767 Rb-Va).
