<?xml version="1.0" encoding="UTF-8"?>
<!DOCTYPE html PUBLIC "-//W3C//DTD XHTML 1.0 Transitional//EN"
    "http://www.w3.org/TR/xhtml1/DTD/xhtml1-transitional.dtd">
<html xmlns="http://www.w3.org/1999/xhtml" xml:lang="en" lang="en">
 <head>
  <title>
</title>
<meta http-equiv="Content-Type" content="text/html;charset=utf-8" />
  <meta name='ocr-system' content='tesseract 3.04.00' />
  <meta name='ocr-capabilities' content='ocr_page ocr_carea ocr_par ocr_line ocrx_word'/>
</head>
<body>
  <div class='ocr_page' id='page_1' title='image "./lesquatrepremier00godf_0053.png"; bbox 0 0 2493 3458; ppageno 0'>
   <div class='ocr_carea' id='block_1_1' title="bbox 804 425 1836 459">
    <p class='ocr_par' dir='ltr' id='par_1_1' title="bbox 804 425 1836 459">
     <span class='ocr_line' id='line_1_1' title="bbox 804 425 1836 459; baseline 0.002 -10"><span class='ocrx_word' id='word_1_1' title='bbox 804 425 950 450; x_wconf 64' lang='lat' dir='ltr'>ennium</span> <span class='ocrx_word' id='word_1_2' title='bbox 982 425 1276 458; x_wconf 58' lang='lat' dir='ltr'>optiorissffluixt,</span> <span class='ocrx_word' id='word_1_3' title='bbox 1304 427 1338 459; x_wconf 68' lang='lat' dir='ltr'>Q.</span> <span class='ocrx_word' id='word_1_4' title='bbox 1366 427 1418 451; x_wconf 74' lang='lat' dir='ltr'>xii</span> <span class='ocrx_word' id='word_1_5' title='bbox 1809 430 1836 451; x_wconf 70' lang='lat'>:51</span> 
     </span>
    </p>
   </div>
   <div class='ocr_carea' id='block_1_2' title="bbox 372 513 1841 1072">
    <p class='ocr_par' dir='ltr' id='par_1_2' title="bbox 372 513 1841 1072">
     <span class='ocr_line' id='line_1_2' title="bbox 377 513 1841 553; baseline 0.001 -8"><span class='ocrx_word' id='word_1_6' title='bbox 377 514 617 545; x_wconf 88' lang='lat' dir='ltr'>defunctorum</span> <span class='ocrx_word' id='word_1_7' title='bbox 643 513 839 544; x_wconf 78' lang='lat' dir='ltr'>huiusmodi</span> <span class='ocrx_word' id='word_1_8' title='bbox 873 514 994 544; x_wconf 79' lang='lat' dir='ltr'>abusio</span> <span class='ocrx_word' id='word_1_9' title='bbox 1028 520 1061 545; x_wconf 85' lang='lat' dir='ltr'>et</span> <span class='ocrx_word' id='word_1_10' title='bbox 1092 514 1209 546; x_wconf 83' lang='lat' dir='ltr'>similis</span> <span class='ocrx_word' id='word_1_11' title='bbox 1241 515 1437 545; x_wconf 76' lang='lat' dir='ltr'>nullatenus</span> <span class='ocrx_word' id='word_1_12' title='bbox 1472 516 1683 553; x_wconf 72' lang='lat' dir='ltr'>observetur,</span> <span class='ocrx_word' id='word_1_13' title='bbox 1711 516 1772 547; x_wconf 81' lang='lat' dir='ltr'>sed</span> <span class='ocrx_word' id='word_1_14' title='bbox 1807 522 1841 547; x_wconf 90' lang='lat' dir='ltr'>ut</span> 
     </span>
     <span class='ocr_line' id='line_1_3' title="bbox 376 570 1841 611; baseline 0.001 -9"><span class='ocrx_word' id='word_1_15' title='bbox 376 572 618 603; x_wconf 86' lang='lat' dir='ltr'>defunctorum</span> <span class='ocrx_word' id='word_1_16' title='bbox 652 582 798 611; x_wconf 86' lang='lat' dir='ltr'>corpora</span> <span class='ocrx_word' id='word_1_17' title='bbox 824 570 873 602; x_wconf 81' lang='lat' dir='ltr'>sic</span> <span class='ocrx_word' id='word_1_18' title='bbox 899 570 1001 611; x_wconf 89' lang='lat' dir='ltr'>impie</span> <span class='ocrx_word' id='word_1_19' title='bbox 1027 577 1059 602; x_wconf 88' lang='lat' dir='ltr'>et</span> <span class='ocrx_word' id='word_1_20' title='bbox 1084 572 1267 603; x_wconf 71' lang='lat' dir='ltr'>crudeliter</span> <span class='ocrx_word' id='word_1_21' title='bbox 1292 583 1361 603; x_wconf 85' lang='lat' dir='ltr'>non</span> <span class='ocrx_word' id='word_1_22' title='bbox 1392 577 1587 610; x_wconf 71' lang='lat' dir='ltr'>tractentur7</span> <span class='ocrx_word' id='word_1_23' title='bbox 1614 573 1811 604; x_wconf 85' lang='lat' dir='ltr'>deferantur</span> <span class='ocrx_word' id='word_1_24' title='bbox 1834 573 1841 589; x_wconf 78' lang='lat'>¹</span> 
     </span>
     <span class='ocr_line' id='line_1_4' title="bbox 375 627 1839 670; baseline 0.001 -11"><span class='ocrx_word' id='word_1_25' title='bbox 375 629 408 659; x_wconf 92' lang='lat' dir='ltr'>in</span> <span class='ocrx_word' id='word_1_26' title='bbox 434 629 510 660; x_wconf 85' lang='lat' dir='ltr'>loca</span> <span class='ocrx_word' id='word_1_27' title='bbox 535 629 568 659; x_wconf 93' lang='lat' dir='ltr'>in</span> <span class='ocrx_word' id='word_1_28' title='bbox 594 628 718 669; x_wconf 82' lang='lat' dir='ltr'>quibus</span> <span class='ocrx_word' id='word_1_29' title='bbox 745 627 900 659; x_wconf 65' lang='lat' dir='ltr'>viventes</span> <span class='ocrx_word' id='word_1_30' title='bbox 926 629 1105 669; x_wconf 64' lang='lat' dir='ltr'>elegerunt</span> <span class='ocrx_word' id='word_1_31' title='bbox 1130 629 1267 670; x_wconf 84' lang='lat' dir='ltr'>sepeliri</span> <span class='ocrx_word' id='word_1_32' title='bbox 1292 635 1349 660; x_wconf 86' lang='lat' dir='ltr'>aut</span> <span class='ocrx_word' id='word_1_33' title='bbox 1374 629 1407 660; x_wconf 90' lang='lat' dir='ltr'>in</span> <span class='ocrx_word' id='word_1_34' title='bbox 1430 630 1507 661; x_wconf 86' lang='lat' dir='ltr'>loco</span> <span class='ocrx_word' id='word_1_35' title='bbox 1533 630 1591 661; x_wconf 86' lang='lat' dir='ltr'>ubi</span> <span class='ocrx_word' id='word_1_36' title='bbox 1617 630 1839 667; x_wconf 72' lang='lat' dir='ltr'>decesserint7</span> 
     </span>
     <span class='ocr_line' id='line_1_5' title="bbox 374 685 1840 728; baseline 0.001 -11"><span class='ocrx_word' id='word_1_37' title='bbox 374 687 427 718; x_wconf 90' lang='lat' dir='ltr'>vel</span> <span class='ocrx_word' id='word_1_38' title='bbox 453 687 531 717; x_wconf 84' lang='lat' dir='ltr'>loeo</span> <span class='ocrx_word' id='word_1_39' title='bbox 557 686 671 717; x_wconf 85' lang='lat' dir='ltr'>vicino</span> <span class='ocrx_word' id='word_1_40' title='bbox 697 685 953 717; x_wconf 78' lang='lat' dir='ltr'>ecclesiasticae</span> <span class='ocrx_word' id='word_1_41' title='bbox 988 687 1185 727; x_wconf 76' lang='lat' dir='ltr'>sepulturae</span> <span class='ocrx_word' id='word_1_42' title='bbox 1220 687 1397 718; x_wconf 81' lang='lat' dir='ltr'>tradantur</span> <span class='ocrx_word' id='word_1_43' title='bbox 1426 688 1469 717; x_wconf 87' lang='lat' dir='ltr'>ad</span> <span class='ocrx_word' id='word_1_44' title='bbox 1503 692 1649 728; x_wconf 77' lang='lat' dir='ltr'>tempus,</span> <span class='ocrx_word' id='word_1_45' title='bbox 1675 687 1720 718; x_wconf 88' lang='lat' dir='ltr'>ita</span> <span class='ocrx_word' id='word_1_46' title='bbox 1745 688 1840 728; x_wconf 77' lang='lat' dir='ltr'>quod</span> 
     </span>
     <span class='ocr_line' id='line_1_6' title="bbox 375 743 1839 787; baseline 0.001 -13"><span class='ocrx_word' id='word_1_47' title='bbox 375 744 512 775; x_wconf 88' lang='lat' dir='ltr'>demum</span> <span class='ocrx_word' id='word_1_48' title='bbox 538 743 733 775; x_wconf 71' lang='lat' dir='ltr'>incineratis</span> <span class='ocrx_word' id='word_1_49' title='bbox 767 743 969 783; x_wconf 71' lang='lat' dir='ltr'>corporibus</span> <span class='ocrx_word' id='word_1_50' title='bbox 995 750 1053 774; x_wconf 88' lang='lat' dir='ltr'>aut</span> <span class='ocrx_word' id='word_1_51' title='bbox 1084 744 1167 774; x_wconf 58' lang='lat' dir='ltr'>alias</span> <span class='ocrx_word' id='word_1_52' title='bbox 1193 745 1235 775; x_wconf 86' lang='lat' dir='ltr'>ad</span> <span class='ocrx_word' id='word_1_53' title='bbox 1261 745 1338 775; x_wconf 89' lang='lat' dir='ltr'>loca</span> <span class='ocrx_word' id='word_1_54' title='bbox 1358 744 1368 760; x_wconf 70' lang='lat'><strong>²</strong></span> <span class='ocrx_word' id='word_1_55' title='bbox 1401 744 1459 775; x_wconf 83' lang='lat' dir='ltr'>ubi</span> <span class='ocrx_word' id='word_1_56' title='bbox 1493 745 1702 786; x_wconf 72' lang='lat' dir='ltr'>sepulturam</span> <span class='ocrx_word' id='word_1_57' title='bbox 1730 746 1839 787; x_wconf 80' lang='lat' dir='ltr'>elege-</span> 
     </span>
     <span class='ocr_line' id='line_1_7' title="bbox 373 800 1840 841; baseline 0.001 -10"><span class='ocrx_word' id='word_1_58' title='bbox 373 801 439 832; x_wconf 86' lang='lat' dir='ltr'>rint</span> <span class='ocrx_word' id='word_1_59' title='bbox 463 801 697 841; x_wconf 75' lang='lat' dir='ltr'>deportentur.</span> <span class='ocrx_word' id='word_1_60' title='bbox 725 801 796 831; x_wconf 73' lang='lat' dir='ltr'>Nos</span> <span class='ocrx_word' id='word_1_61' title='bbox 824 800 913 831; x_wconf 88' lang='lat' dir='ltr'>enim</span> <span class='ocrx_word' id='word_1_62' title='bbox 944 801 970 831; x_wconf 78' lang='lat' dir='ltr'>si</span> <span class='ocrx_word' id='word_1_63' title='bbox 1003 812 1091 841; x_wconf 84' lang='lat' dir='ltr'>quae</span> <span class='ocrx_word' id='word_1_64' title='bbox 1112 801 1122 817; x_wconf 77' lang='lat'><strong>³</strong></span> <span class='ocrx_word' id='word_1_65' title='bbox 1154 807 1273 832; x_wconf 76' lang='lat' dir='ltr'>contra</span> <span class='ocrx_word' id='word_1_66' title='bbox 1306 801 1502 833; x_wconf 83' lang='lat' dir='ltr'>huiusmodi</span> <span class='ocrx_word' id='word_1_67' title='bbox 1534 802 1643 833; x_wconf 81' lang='lat' dir='ltr'>nostri</span> <span class='ocrx_word' id='word_1_68' title='bbox 1667 802 1782 833; x_wconf 85' lang='lat' dir='ltr'>statuti</span> <span class='ocrx_word' id='word_1_69' title='bbox 1808 809 1840 834; x_wconf 91' lang='lat' dir='ltr'>et</span> 
     </span>
     <span class='ocr_line' id='line_1_8' title="bbox 374 858 1840 901; baseline 0.001 -12"><span class='ocrx_word' id='word_1_70' title='bbox 374 858 600 889; x_wconf 70' lang='lat' dir='ltr'>ordinationis</span> <span class='ocrx_word' id='word_1_71' title='bbox 625 864 779 889; x_wconf 86' lang='lat' dir='ltr'>tenorem</span> <span class='ocrx_word' id='word_1_72' title='bbox 799 858 1067 899; x_wconf 73' lang='lat' dir='ltr'>praesumpserit</span> <span class='ocrx_word' id='word_1_73' title='bbox 1085 858 1205 899; x_wconf 72' lang='lat' dir='ltr'>aliquis</span> <span class='ocrx_word' id='word_1_74' title='bbox 1224 864 1400 897; x_wconf 76' lang='lat' dir='ltr'>attentare,</span> <span class='ocrx_word' id='word_1_75' title='bbox 1426 859 1668 891; x_wconf 84' lang='lat' dir='ltr'>defunctorum</span> <span class='ocrx_word' id='word_1_76' title='bbox 1694 870 1840 901; x_wconf 86' lang='lat' dir='ltr'>corpora</span> 
     </span>
     <span class='ocr_line' id='line_1_9' title="bbox 373 915 1837 956; baseline 0.001 -10"><span class='ocrx_word' id='word_1_77' title='bbox 373 915 604 947; x_wconf 76' lang='lat' dir='ltr'>inhumaniter</span> <span class='ocrx_word' id='word_1_78' title='bbox 639 921 672 947; x_wconf 91' lang='lat' dir='ltr'>et</span> <span class='ocrx_word' id='word_1_79' title='bbox 708 915 890 946; x_wconf 83' lang='lat' dir='ltr'>crudeliter</span> <span class='ocrx_word' id='word_1_80' title='bbox 930 916 1182 956; x_wconf 75' lang='lat' dir='ltr'>pertractando,</span> <span class='ocrx_word' id='word_1_81' title='bbox 1224 917 1589 948; x_wconf 75' lang='lat' dir='ltr'>excommunicationis</span> <span class='ocrx_word' id='word_1_82' title='bbox 1633 917 1837 949; x_wconf 78' lang='lat' dir='ltr'>sententiam</span> 
     </span>
     <span class='ocr_line' id='line_1_10' title="bbox 372 972 1839 1016; baseline 0.002 -13"><span class='ocrx_word' id='word_1_83' title='bbox 372 972 448 1014; x_wconf 86' lang='lat' dir='ltr'>ipso</span> <span class='ocrx_word' id='word_1_84' title='bbox 473 973 565 1004; x_wconf 86' lang='lat' dir='ltr'>facto</span> <span class='ocrx_word' id='word_1_85' title='bbox 600 972 828 1015; x_wconf 75' lang='lat' dir='ltr'>cognoverint</span> <span class='ocrx_word' id='word_1_86' title='bbox 854 984 890 1004; x_wconf 82' lang='lat' dir='ltr'>se</span> <span class='ocrx_word' id='word_1_87' title='bbox 910 972 921 988; x_wconf 66' lang='lat'>4</span> <span class='ocrx_word' id='word_1_88' title='bbox 954 973 1154 1004; x_wconf 68' lang='lat' dir='ltr'>incursuros</span> <span class='ocrx_word' id='word_1_89' title='bbox 1181 979 1213 1005; x_wconf 84' lang='lat' dir='ltr'>et</span> <span class='ocrx_word' id='word_1_90' title='bbox 1247 974 1469 1005; x_wconf 76' lang='lat' dir='ltr'>nihilominus</span> <span class='ocrx_word' id='word_1_91' title='bbox 1503 974 1557 1005; x_wconf 89' lang='lat' dir='ltr'>ille</span> <span class='ocrx_word' id='word_1_92' title='bbox 1590 974 1687 1006; x_wconf 87' lang='lat' dir='ltr'>cuius</span> <span class='ocrx_word' id='word_1_93' title='bbox 1713 985 1839 1016; x_wconf 83' lang='lat' dir='ltr'>corpus</span> 
     </span>
     <span class='ocr_line' id='line_1_11' title="bbox 372 1030 1603 1072; baseline 0.001 -11"><span class='ocrx_word' id='word_1_94' title='bbox 372 1030 435 1061; x_wconf 88' lang='lat' dir='ltr'>fuit</span> <span class='ocrx_word' id='word_1_95' title='bbox 460 1030 508 1061; x_wconf 85' lang='lat' dir='ltr'>sic</span> <span class='ocrx_word' id='word_1_96' title='bbox 533 1030 725 1061; x_wconf 79' lang='lat' dir='ltr'>immaniter</span> <span class='ocrx_word' id='word_1_97' title='bbox 750 1036 992 1071; x_wconf 82' lang='lat' dir='ltr'>pertractatum</span> <span class='ocrx_word' id='word_1_98' title='bbox 1020 1031 1255 1062; x_wconf 74' lang='lat' dir='ltr'>ecclesiastica</span> <span class='ocrx_word' id='word_1_99' title='bbox 1280 1037 1394 1062; x_wconf 86' lang='lat' dir='ltr'>careat</span> <span class='ocrx_word' id='word_1_100' title='bbox 1420 1032 1603 1072; x_wconf 76' lang='lat' dir='ltr'>sepultura.</span> 
     </span>
    </p>
   </div>
   <div class='ocr_carea' id='block_1_3' title="bbox 938 1285 1273 1325">
    <p class='ocr_par' dir='ltr' id='par_1_3' title="bbox 938 1285 1273 1325">
     <span class='ocr_line' id='line_1_12' title="bbox 938 1285 1273 1325; baseline -0.003 -9"><span class='ocrx_word' id='word_1_101' title='bbox 938 1285 1177 1325; x_wconf 71' lang='lat' dir='ltr'>QUAEsTIO</span> <span class='ocrx_word' id='word_1_102' title='bbox 1204 1285 1273 1315; x_wconf 74' lang='grc' dir='ltr'>ΧΠ.</span> 
     </span>
    </p>
   </div>
   <div class='ocr_carea' id='block_1_4' title="bbox 368 1409 1840 1526">
    <p class='ocr_par' dir='ltr' id='par_1_4' title="bbox 368 1409 1840 1526">
     <span class='ocr_line' id='line_1_13' title="bbox 368 1409 1840 1459; baseline 0.001 -14"><span class='ocrx_word' id='word_1_103' title='bbox 368 1410 473 1457; x_wconf 77' lang='lat' dir='ltr'>Quis</span> <span class='ocrx_word' id='word_1_104' title='bbox 503 1409 660 1446; x_wconf 73' lang='lat' dir='ltr'>illorum</span> <span class='ocrx_word' id='word_1_105' title='bbox 688 1410 863 1459; x_wconf 72' lang='lat' dir='ltr'>gravius</span> <span class='ocrx_word' id='word_1_106' title='bbox 889 1413 1030 1457; x_wconf 70' lang='lat' dir='ltr'>peccat</span> <span class='ocrx_word' id='word_1_107' title='bbox 1049 1410 1105 1446; x_wconf 74' lang='lat' dir='ltr'>vel</span> <span class='ocrx_word' id='word_1_108' title='bbox 1131 1410 1200 1459; x_wconf 56' lang='lat' dir='ltr'>qm*</span> <span class='ocrx_word' id='word_1_109' title='bbox 1228 1410 1389 1445; x_wconf 73' lang='lat' dir='ltr'>ommino</span> <span class='ocrx_word' id='word_1_110' title='bbox 1421 1424 1498 1446; x_wconf 81' lang='lat' dir='ltr'>non</span> <span class='ocrx_word' id='word_1_111' title='bbox 1527 1410 1611 1446; x_wconf 74' lang='lat' dir='ltr'>vulf</span> <span class='ocrx_word' id='word_1_112' title='bbox 1639 1411 1840 1459; x_wconf 72' lang='lat' dir='ltr'>baptizari</span> 
     </span>
     <span class='ocr_line' id='line_1_14' title="bbox 550 1476 1651 1526; baseline 0 -14"><span class='ocrx_word' id='word_1_113' title='bbox 550 1477 608 1513; x_wconf 78' lang='lat' dir='ltr'>vel</span> <span class='ocrx_word' id='word_1_114' title='bbox 637 1477 707 1526; x_wconf 57' lang='lat' dir='ltr'>qm*</span> <span class='ocrx_word' id='word_1_115' title='bbox 734 1477 974 1524; x_wconf 68' lang='lat' dir='ltr'>baptismum</span> <span class='ocrx_word' id='word_1_116' title='bbox 1007 1477 1114 1512; x_wconf 75' lang='lat' dir='ltr'>circa</span> <span class='ocrx_word' id='word_1_117' title='bbox 1145 1489 1185 1512; x_wconf 79' lang='lat' dir='ltr'>se</span> <span class='ocrx_word' id='word_1_118' title='bbox 1216 1477 1355 1524; x_wconf 71' lang='lat' dir='ltr'>ipsum.</span> <span class='ocrx_word' id='word_1_119' title='bbox 1377 1476 1461 1512; x_wconf 74' lang='lat' dir='ltr'>vulf</span> <span class='ocrx_word' id='word_1_120' title='bbox 1501 1477 1651 1513; x_wconf 71' lang='lat' dir='ltr'>iterari.</span> 
     </span>
    </p>
   </div>
   <div class='ocr_carea' id='block_1_5' title="bbox 365 1653 1838 2443">
    <p class='ocr_par' dir='ltr' id='par_1_5' title="bbox 366 1653 1838 2214">
     <span class='ocr_line' id='line_1_15' title="bbox 457 1653 1838 1694; baseline 0 -10"><span class='ocrx_word' id='word_1_121' title='bbox 457 1654 583 1684; x_wconf 79' lang='lat' dir='ltr'>Postea</span> <span class='ocrx_word' id='word_1_122' title='bbox 601 1653 691 1684; x_wconf 87' lang='lat' dir='ltr'>circa</span> <span class='ocrx_word' id='word_1_123' title='bbox 711 1653 915 1694; x_wconf 76' lang='lat' dir='ltr'>pertinentia</span> <span class='ocrx_word' id='word_1_124' title='bbox 934 1654 976 1684; x_wconf 80' lang='lat' dir='ltr'>ad</span> <span class='ocrx_word' id='word_1_125' title='bbox 995 1659 1092 1684; x_wconf 83' lang='lat' dir='ltr'>actus</span> <span class='ocrx_word' id='word_1_126' title='bbox 1109 1653 1253 1684; x_wconf 77' lang='lat' dir='ltr'>vitiosos</span> <span class='ocrx_word' id='word_1_127' title='bbox 1272 1654 1528 1693; x_wconf 72' lang='lat' dir='ltr'>quaerebantur</span> <span class='ocrx_word' id='word_1_128' title='bbox 1550 1653 1629 1691; x_wconf 75' lang='lat' dir='ltr'>duo,</span> <span class='ocrx_word' id='word_1_129' title='bbox 1656 1664 1760 1684; x_wconf 89' lang='lat' dir='ltr'>unum</span> <span class='ocrx_word' id='word_1_130' title='bbox 1787 1658 1838 1684; x_wconf 88' lang='lat' dir='ltr'>est</span> 
     </span>
     <span class='ocr_line' id='line_1_16' title="bbox 368 1710 1837 1753; baseline -0.001 -11"><span class='ocrx_word' id='word_1_131' title='bbox 368 1717 529 1752; x_wconf 84' lang='lat' dir='ltr'>respectu</span> <span class='ocrx_word' id='word_1_132' title='bbox 558 1717 779 1752; x_wconf 73' lang='lat' dir='ltr'>contemptus</span> <span class='ocrx_word' id='word_1_133' title='bbox 809 1710 1014 1742; x_wconf 67' lang='lat' dir='ltr'>sacramenti</span> <span class='ocrx_word' id='word_1_134' title='bbox 1043 1710 1214 1751; x_wconf 75' lang='lat' dir='ltr'>baptismi,</span> <span class='ocrx_word' id='word_1_135' title='bbox 1244 1710 1403 1742; x_wconf 83' lang='lat' dir='ltr'>videlicet</span> <span class='ocrx_word' id='word_1_136' title='bbox 1432 1710 1508 1751; x_wconf 79' lang='lat' dir='ltr'>quis</span> <span class='ocrx_word' id='word_1_137' title='bbox 1537 1710 1669 1742; x_wconf 85' lang='lat' dir='ltr'>illorum</span> <span class='ocrx_word' id='word_1_138' title='bbox 1698 1711 1837 1753; x_wconf 83' lang='lat' dir='ltr'>gravius</span> 
     </span>
     <span class='ocr_line' id='line_1_17' title="bbox 368 1768 1835 1810; baseline -0.001 -10"><span class='ocrx_word' id='word_1_139' title='bbox 368 1774 487 1810; x_wconf 80' lang='lat' dir='ltr'>peccat</span> <span class='ocrx_word' id='word_1_140' title='bbox 511 1773 543 1800; x_wconf 88' lang='lat' dir='ltr'>et</span> <span class='ocrx_word' id='word_1_141' title='bbox 561 1768 658 1809; x_wconf 85' lang='lat' dir='ltr'>peior</span> <span class='ocrx_word' id='word_1_142' title='bbox 679 1773 729 1799; x_wconf 77' lang='lat' dir='ltr'>est</span> <span class='ocrx_word' id='word_1_143' title='bbox 747 1768 916 1799; x_wconf 76' lang='lat' dir='ltr'>dicendus</span> <span class='ocrx_word' id='word_1_144' title='bbox 935 1769 987 1799; x_wconf 83' lang='lat' dir='ltr'>vel</span> <span class='ocrx_word' id='word_1_145' title='bbox 1007 1768 1062 1809; x_wconf 79' lang='lat' dir='ltr'>qui</span> <span class='ocrx_word' id='word_1_146' title='bbox 1081 1768 1223 1799; x_wconf 77' lang='lat' dir='ltr'>omnino</span> <span class='ocrx_word' id='word_1_147' title='bbox 1242 1778 1311 1799; x_wconf 91' lang='lat' dir='ltr'>non</span> <span class='ocrx_word' id='word_1_148' title='bbox 1330 1769 1400 1799; x_wconf 86' lang='lat' dir='ltr'>vult</span> <span class='ocrx_word' id='word_1_149' title='bbox 1420 1768 1585 1809; x_wconf 84' lang='lat' dir='ltr'>baptizari</span> <span class='ocrx_word' id='word_1_150' title='bbox 1603 1769 1657 1799; x_wconf 82' lang='lat' dir='ltr'>vel</span> <span class='ocrx_word' id='word_1_151' title='bbox 1678 1768 1735 1809; x_wconf 89' lang='lat' dir='ltr'>qui</span> <span class='ocrx_word' id='word_1_152' title='bbox 1755 1769 1835 1809; x_wconf 79' lang='lat' dir='ltr'>bap—</span> 
     </span>
     <span class='ocr_line' id='line_1_18' title="bbox 367 1825 1837 1867; baseline 0 -10"><span class='ocrx_word' id='word_1_153' title='bbox 367 1826 501 1857; x_wconf 81' lang='lat' dir='ltr'>tismum</span> <span class='ocrx_word' id='word_1_154' title='bbox 529 1826 619 1857; x_wconf 86' lang='lat' dir='ltr'>circa</span> <span class='ocrx_word' id='word_1_155' title='bbox 645 1826 797 1867; x_wconf 71' lang='lat' dir='ltr'>seipsum</span> <span class='ocrx_word' id='word_1_156' title='bbox 824 1827 894 1856; x_wconf 86' lang='lat' dir='ltr'>vult</span> <span class='ocrx_word' id='word_1_157' title='bbox 920 1826 1040 1857; x_wconf 80' lang='lat' dir='ltr'>iterari.</span> <span class='ocrx_word' id='word_1_158' title='bbox 1072 1826 1113 1857; x_wconf 83' lang='lat' dir='ltr'>Et</span> <span class='ocrx_word' id='word_1_159' title='bbox 1141 1827 1348 1865; x_wconf 54' lang='lat' dir='ltr'>arguebatur</span> <span class='ocrx_word' id='word_1_160' title='bbox 1377 1826 1469 1866; x_wconf 80' lang='lat' dir='ltr'>quod</span> <span class='ocrx_word' id='word_1_161' title='bbox 1499 1825 1553 1857; x_wconf 91' lang='lat' dir='ltr'>ille</span> <span class='ocrx_word' id='word_1_162' title='bbox 1581 1825 1638 1867; x_wconf 83' lang='lat' dir='ltr'>qui</span> <span class='ocrx_word' id='word_1_163' title='bbox 1667 1837 1736 1857; x_wconf 92' lang='lat' dir='ltr'>non</span> <span class='ocrx_word' id='word_1_164' title='bbox 1767 1826 1837 1857; x_wconf 90' lang='lat' dir='ltr'>vult</span> 
     </span>
     <span class='ocr_line' id='line_1_19' title="bbox 367 1883 1836 1925; baseline 0 -11"><span class='ocrx_word' id='word_1_165' title='bbox 367 1883 531 1925; x_wconf 84' lang='lat' dir='ltr'>baptizari</span> <span class='ocrx_word' id='word_1_166' title='bbox 564 1883 705 1923; x_wconf 63' lang='lat' dir='ltr'>gravius</span> <span class='ocrx_word' id='word_1_167' title='bbox 735 1890 865 1924; x_wconf 78' lang='lat' dir='ltr'>peccet,</span> <span class='ocrx_word' id='word_1_168' title='bbox 893 1883 971 1924; x_wconf 73' lang='lat' dir='ltr'>quia</span> <span class='ocrx_word' id='word_1_169' title='bbox 1001 1883 1099 1925; x_wconf 63' lang='lat' dir='ltr'>peius</span> <span class='ocrx_word' id='word_1_170' title='bbox 1129 1890 1180 1914; x_wconf 71' lang='lat' dir='ltr'>est</span> <span class='ocrx_word' id='word_1_171' title='bbox 1209 1889 1241 1914; x_wconf 89' lang='lat' dir='ltr'>et</span> <span class='ocrx_word' id='word_1_172' title='bbox 1266 1883 1403 1914; x_wconf 82' lang='lat' dir='ltr'>maioris</span> <span class='ocrx_word' id='word_1_173' title='bbox 1429 1884 1586 1914; x_wconf 75' lang='lat' dir='ltr'>defectus</span> <span class='ocrx_word' id='word_1_174' title='bbox 1612 1894 1682 1915; x_wconf 85' lang='lat' dir='ltr'>non</span> <span class='ocrx_word' id='word_1_175' title='bbox 1707 1884 1836 1915; x_wconf 85' lang='lat' dir='ltr'>habere</span> 
     </span>
     <span class='ocr_line' id='line_1_20' title="bbox 368 1941 1835 1982; baseline 0 -10"><span class='ocrx_word' id='word_1_176' title='bbox 368 1941 514 1982; x_wconf 86' lang='lat' dir='ltr'>aliquam</span> <span class='ocrx_word' id='word_1_177' title='bbox 532 1941 678 1972; x_wconf 81' lang='lat' dir='ltr'>formam</span> <span class='ocrx_word' id='word_1_178' title='bbox 696 1952 761 1972; x_wconf 90' lang='lat' dir='ltr'>nec</span> <span class='ocrx_word' id='word_1_179' title='bbox 780 1941 880 1972; x_wconf 75' lang='lat' dir='ltr'>etiam</span> <span class='ocrx_word' id='word_1_180' title='bbox 900 1941 1163 1982; x_wconf 58' lang='lat' dir='ltr'>tlisl‘msitionem</span> <span class='ocrx_word' id='word_1_181' title='bbox 1183 1942 1225 1972; x_wconf 80' lang='lat' dir='ltr'>ad</span> <span class='ocrx_word' id='word_1_182' title='bbox 1244 1941 1344 1979; x_wconf 69' lang='lat' dir='ltr'>illam,</span> <span class='ocrx_word' id='word_1_183' title='bbox 1364 1952 1464 1981; x_wconf 77' lang='lat' dir='ltr'>quam</span> <span class='ocrx_word' id='word_1_184' title='bbox 1483 1951 1552 1972; x_wconf 85' lang='lat' dir='ltr'>non</span> <span class='ocrx_word' id='word_1_185' title='bbox 1571 1942 1699 1972; x_wconf 81' lang='lat' dir='ltr'>habere</span> <span class='ocrx_word' id='word_1_186' title='bbox 1724 1942 1835 1972; x_wconf 75' lang='lat' dir='ltr'>solum</span> 
     </span>
     <span class='ocr_line' id='line_1_21' title="bbox 366 1998 1835 2040; baseline 0 -11"><span class='ocrx_word' id='word_1_187' title='bbox 366 1999 563 2030; x_wconf 81' lang='lat' dir='ltr'>huiusmodi</span> <span class='ocrx_word' id='word_1_188' title='bbox 582 1999 736 2037; x_wconf 85' lang='lat' dir='ltr'>formam,</span> <span class='ocrx_word' id='word_1_189' title='bbox 755 2000 883 2030; x_wconf 72' lang='lat' dir='ltr'>habere</span> <span class='ocrx_word' id='word_1_190' title='bbox 902 2005 1015 2030; x_wconf 81' lang='lat' dir='ltr'>tamen</span> <span class='ocrx_word' id='word_1_191' title='bbox 1035 1999 1300 2039; x_wconf 63' lang='lat' dir='ltr'>dispositionem</span> <span class='ocrx_word' id='word_1_192' title='bbox 1319 2000 1362 2029; x_wconf 85' lang='lat' dir='ltr'>ad</span> <span class='ocrx_word' id='word_1_193' title='bbox 1380 1999 1480 2029; x_wconf 87' lang='lat' dir='ltr'>illam.</span> <span class='ocrx_word' id='word_1_194' title='bbox 1500 1998 1569 2030; x_wconf 73' lang='lat' dir='ltr'>Sed</span> <span class='ocrx_word' id='word_1_195' title='bbox 1588 1999 1710 2030; x_wconf 87' lang='lat' dir='ltr'>nolens</span> <span class='ocrx_word' id='word_1_196' title='bbox 1729 1998 1835 2040; x_wconf 84' lang='lat' dir='ltr'>bapti-</span> 
     </span>
     <span class='ocr_line' id='line_1_22' title="bbox 366 2056 1835 2099; baseline 0 -12"><span class='ocrx_word' id='word_1_197' title='bbox 366 2056 444 2095; x_wconf 85' lang='lat' dir='ltr'>zari,</span> <span class='ocrx_word' id='word_1_198' title='bbox 463 2068 503 2088; x_wconf 83' lang='lat' dir='ltr'>ex</span> <span class='ocrx_word' id='word_1_199' title='bbox 523 2068 564 2088; x_wconf 84' lang='lat' dir='ltr'>eo</span> <span class='ocrx_word' id='word_1_200' title='bbox 590 2057 682 2097; x_wconf 83' lang='lat' dir='ltr'>quod</span> <span class='ocrx_word' id='word_1_201' title='bbox 712 2062 715 2097; x_wconf 59' lang='grc' dir='ltr'><strong>ς</strong></span> <span class='ocrx_word' id='word_1_202' title='bbox 748 2068 818 2087; x_wconf 86' lang='lat' dir='ltr'>non</span> <span class='ocrx_word' id='word_1_203' title='bbox 844 2056 1038 2098; x_wconf 82' lang='lat' dir='ltr'>baptizatur</span> <span class='ocrx_word' id='word_1_204' title='bbox 1063 2062 1157 2088; x_wconf 84' lang='lat' dir='ltr'>caret</span> <span class='ocrx_word' id='word_1_205' title='bbox 1182 2067 1251 2087; x_wconf 84' lang='lat' dir='ltr'>non</span> <span class='ocrx_word' id='word_1_206' title='bbox 1270 2057 1381 2088; x_wconf 88' lang='lat' dir='ltr'>solum</span> <span class='ocrx_word' id='word_1_207' title='bbox 1398 2056 1507 2099; x_wconf 80' lang='lat' dir='ltr'>gratia</span> <span class='ocrx_word' id='word_1_208' title='bbox 1524 2061 1659 2098; x_wconf 79' lang='lat' dir='ltr'>gratum</span> <span class='ocrx_word' id='word_1_209' title='bbox 1676 2056 1835 2095; x_wconf 78' lang='lat' dir='ltr'>faciente,</span> 
     </span>
     <span class='ocr_line' id='line_1_23' title="bbox 367 2113 1837 2155; baseline -0.001 -10"><span class='ocrx_word' id='word_1_210' title='bbox 367 2115 428 2145; x_wconf 79' lang='lat' dir='ltr'>sed</span> <span class='ocrx_word' id='word_1_211' title='bbox 447 2114 547 2145; x_wconf 88' lang='lat' dir='ltr'>etiam</span> <span class='ocrx_word' id='word_1_212' title='bbox 571 2114 799 2155; x_wconf 74' lang='lat' dir='ltr'>dispositione</span> <span class='ocrx_word' id='word_1_213' title='bbox 828 2115 871 2145; x_wconf 84' lang='lat' dir='ltr'>ad</span> <span class='ocrx_word' id='word_1_214' title='bbox 901 2114 989 2145; x_wconf 85' lang='lat' dir='ltr'>illam</span> <span class='ocrx_word' id='word_1_215' title='bbox 1019 2113 1149 2145; x_wconf 81' lang='lat' dir='ltr'>scilicet</span> <span class='ocrx_word' id='word_1_216' title='bbox 1178 2115 1385 2145; x_wconf 85' lang='lat' dir='ltr'>charactere.</span> <span class='ocrx_word' id='word_1_217' title='bbox 1404 2114 1480 2145; x_wconf 87' lang='lat' dir='ltr'>Hac</span> <span class='ocrx_word' id='word_1_218' title='bbox 1509 2119 1621 2145; x_wconf 82' lang='lat' dir='ltr'>autem</span> <span class='ocrx_word' id='word_1_219' title='bbox 1649 2125 1718 2145; x_wconf 90' lang='lat' dir='ltr'>non</span> <span class='ocrx_word' id='word_1_220' title='bbox 1745 2119 1837 2145; x_wconf 85' lang='lat' dir='ltr'>caret</span> 
     </span>
     <span class='ocr_line' id='line_1_24' title="bbox 366 2171 1475 2214; baseline 0 -12"><span class='ocrx_word' id='word_1_221' title='bbox 366 2171 423 2213; x_wconf 91' lang='lat' dir='ltr'>qui</span> <span class='ocrx_word' id='word_1_222' title='bbox 440 2171 560 2203; x_wconf 83' lang='lat' dir='ltr'>iterum</span> <span class='ocrx_word' id='word_1_223' title='bbox 580 2171 782 2213; x_wconf 85' lang='lat' dir='ltr'>baptizatur,</span> <span class='ocrx_word' id='word_1_224' title='bbox 800 2172 879 2203; x_wconf 85' lang='lat' dir='ltr'>licet</span> <span class='ocrx_word' id='word_1_225' title='bbox 896 2171 1005 2214; x_wconf 81' lang='lat' dir='ltr'>gratia</span> <span class='ocrx_word' id='word_1_226' title='bbox 1023 2177 1147 2203; x_wconf 83' lang='lat' dir='ltr'>careat.</span> <span class='ocrx_word' id='word_1_227' title='bbox 1167 2172 1283 2212; x_wconf 77' lang='lat' dir='ltr'>Quare</span> <span class='ocrx_word' id='word_1_228' title='bbox 1302 2177 1335 2203; x_wconf 91' lang='lat' dir='ltr'>et</span> <span class='ocrx_word' id='word_1_229' title='bbox 1352 2177 1475 2203; x_wconf 86' lang='lat' dir='ltr'>cetera.</span> 
     </span>
    </p>

    <p class='ocr_par' dir='ltr' id='par_1_6' title="bbox 365 2229 1836 2443">
     <span class='ocr_line' id='line_1_25' title="bbox 410 2229 1836 2270; baseline 0 -10"><span class='ocrx_word' id='word_1_230' title='bbox 410 2229 551 2261; x_wconf 88' lang='lat' dir='ltr'>Contra.</span> <span class='ocrx_word' id='word_1_231' title='bbox 575 2229 708 2261; x_wconf 87' lang='lat' dir='ltr'>Dicitur</span> <span class='ocrx_word' id='word_1_232' title='bbox 736 2230 891 2261; x_wconf 87' lang='lat' dir='ltr'>secunda</span> <span class='ocrx_word' id='word_1_233' title='bbox 924 2229 1014 2261; x_wconf 84' lang='lat' dir='ltr'>Petri</span> <span class='ocrx_word' id='word_1_234' title='bbox 1033 2231 1078 2268; x_wconf 80' lang='lat'>(1)</span> <span class='ocrx_word' id='word_1_235' title='bbox 1113 2230 1269 2261; x_wconf 84' lang='lat' dir='ltr'>secundo</span> <span class='ocrx_word' id='word_1_236' title='bbox 1299 2230 1391 2270; x_wconf 82' lang='lat' dir='ltr'>quod</span> <span class='ocrx_word' id='word_1_237' title='bbox 1419 2229 1550 2264; x_wconf 73' lang='lat' dir='ltr'>melius,</span> <span class='ocrx_word' id='word_1_238' title='bbox 1580 2229 1613 2260; x_wconf 85' lang='lat' dir='ltr'>id</span> <span class='ocrx_word' id='word_1_239' title='bbox 1643 2235 1695 2260; x_wconf 88' lang='lat' dir='ltr'>est</span> <span class='ocrx_word' id='word_1_240' title='bbox 1723 2229 1836 2260; x_wconf 87' lang='lat' dir='ltr'>minus</span> 
     </span>
     <span class='ocr_line' id='line_1_26' title="bbox 365 2286 1834 2329; baseline -0.001 -11"><span class='ocrx_word' id='word_1_241' title='bbox 365 2287 491 2318; x_wconf 85' lang='lat' dir='ltr'>malum</span> <span class='ocrx_word' id='word_1_242' title='bbox 517 2293 567 2318; x_wconf 85' lang='lat' dir='ltr'>est</span> <span class='ocrx_word' id='word_1_243' title='bbox 593 2298 664 2318; x_wconf 91' lang='lat' dir='ltr'>non</span> <span class='ocrx_word' id='word_1_244' title='bbox 689 2297 905 2329; x_wconf 76' lang='lat' dir='ltr'>cognoscere</span> <span class='ocrx_word' id='word_1_245' title='bbox 930 2287 1019 2318; x_wconf 85' lang='lat' dir='ltr'>viam</span> <span class='ocrx_word' id='word_1_246' title='bbox 1045 2287 1192 2318; x_wconf 81' lang='lat' dir='ltr'>iustitiae</span> <span class='ocrx_word' id='word_1_247' title='bbox 1215 2298 1316 2327; x_wconf 84' lang='lat' dir='ltr'>quam</span> <span class='ocrx_word' id='word_1_248' title='bbox 1336 2292 1415 2328; x_wconf 84' lang='lat' dir='ltr'>post</span> <span class='ocrx_word' id='word_1_249' title='bbox 1432 2286 1695 2329; x_wconf 76' lang='lat' dir='ltr'>aggressionem</span> <span class='ocrx_word' id='word_1_250' title='bbox 1713 2286 1834 2318; x_wconf 90' lang='lat' dir='ltr'>iterum</span> 
     </span>
     <span class='ocr_line' id='line_1_27' title="bbox 365 2343 1836 2385; baseline -0.001 -10"><span class='ocrx_word' id='word_1_251' title='bbox 365 2344 498 2376; x_wconf 89' lang='lat' dir='ltr'>reverti.</span> <span class='ocrx_word' id='word_1_252' title='bbox 517 2344 587 2376; x_wconf 82' lang='lat' dir='ltr'>Sed</span> <span class='ocrx_word' id='word_1_253' title='bbox 613 2344 669 2385; x_wconf 89' lang='lat' dir='ltr'>qui</span> <span class='ocrx_word' id='word_1_254' title='bbox 695 2344 815 2376; x_wconf 89' lang='lat' dir='ltr'>iterum</span> <span class='ocrx_word' id='word_1_255' title='bbox 842 2344 1044 2385; x_wconf 78' lang='lat' dir='ltr'>baptizatur,</span> <span class='ocrx_word' id='word_1_256' title='bbox 1064 2356 1082 2375; x_wconf 88' lang='lat' dir='ltr'>a</span> <span class='ocrx_word' id='word_1_257' title='bbox 1108 2344 1233 2375; x_wconf 76' lang='lat' dir='ltr'>iustitia</span> <span class='ocrx_word' id='word_1_258' title='bbox 1258 2344 1338 2375; x_wconf 87' lang='lat' dir='ltr'>fidei</span> <span class='ocrx_word' id='word_1_259' title='bbox 1365 2355 1466 2385; x_wconf 78' lang='lat' dir='ltr'>quam</span> <span class='ocrx_word' id='word_1_260' title='bbox 1492 2344 1612 2375; x_wconf 85' lang='lat' dir='ltr'>habuit</span> <span class='ocrx_word' id='word_1_261' title='bbox 1636 2354 1677 2375; x_wconf 84' lang='lat' dir='ltr'>ex</span> <span class='ocrx_word' id='word_1_262' title='bbox 1694 2344 1804 2385; x_wconf 90' lang='lat' dir='ltr'>primo</span> <span class='ocrx_word' id='word_1_263' title='bbox 1825 2343 1836 2359; x_wconf 77' lang='lat'>⁵</span> 
     </span>
     <span class='ocr_line' id='line_1_28' title="bbox 366 2401 1835 2443; baseline 0 -11"><span class='ocrx_word' id='word_1_264' title='bbox 366 2407 444 2433; x_wconf 89' lang='lat' dir='ltr'>actu</span> <span class='ocrx_word' id='word_1_265' title='bbox 461 2402 659 2443; x_wconf 85' lang='lat' dir='ltr'>baptizandi</span> <span class='ocrx_word' id='word_1_266' title='bbox 690 2408 875 2433; x_wconf 73' lang='lat' dir='ltr'>retrorsum</span> <span class='ocrx_word' id='word_1_267' title='bbox 898 2402 979 2433; x_wconf 80' lang='lat' dir='ltr'>abiit</span> <span class='ocrx_word' id='word_1_268' title='bbox 1004 2413 1065 2443; x_wconf 85' lang='lat' dir='ltr'>per</span> <span class='ocrx_word' id='word_1_269' title='bbox 1088 2402 1280 2433; x_wconf 75' lang='lat' dir='ltr'>secundum</span> <span class='ocrx_word' id='word_1_270' title='bbox 1307 2408 1431 2440; x_wconf 81' lang='lat' dir='ltr'>actum,</span> <span class='ocrx_word' id='word_1_271' title='bbox 1457 2401 1536 2442; x_wconf 81' lang='lat' dir='ltr'>quia</span> <span class='ocrx_word' id='word_1_272' title='bbox 1560 2401 1755 2432; x_wconf 83' lang='lat' dir='ltr'>haereticus</span> <span class='ocrx_word' id='word_1_273' title='bbox 1785 2406 1835 2432; x_wconf 84' lang='lat' dir='ltr'>est</span> 
     </span>
    </p>
   </div>
   <div class='ocr_carea' id='block_1_6' title="bbox 455 2556 1834 2591">
    <p class='ocr_par' dir='ltr' id='par_1_7' title="bbox 455 2556 1834 2591">
     <span class='ocr_line' id='line_1_29' title="bbox 455 2556 1834 2591; baseline -0.001 -9"><span class='ocrx_word' id='word_1_274' title='bbox 455 2558 462 2571; x_wconf 92' lang='lat'>¹</span> <span class='ocrx_word' id='word_1_275' title='bbox 482 2556 616 2582; x_wconf 82' lang='lat' dir='ltr'>deserant</span> <span class='ocrx_word' id='word_1_276' title='bbox 630 2557 659 2582; x_wconf 90' lang='lat' dir='ltr'>P.</span> <span class='ocrx_word' id='word_1_277' title='bbox 681 2572 712 2575; x_wconf 85' lang='lat'>—</span> <span class='ocrx_word' id='word_1_278' title='bbox 733 2557 743 2571; x_wconf 76' lang='lat'>‘2</span> <span class='ocrx_word' id='word_1_279' title='bbox 756 2557 851 2582; x_wconf 74' lang='lat' dir='ltr'>locum</span> <span class='ocrx_word' id='word_1_280' title='bbox 866 2557 895 2582; x_wconf 85' lang='lat' dir='ltr'>P.</span> <span class='ocrx_word' id='word_1_281' title='bbox 918 2573 948 2575; x_wconf 97' lang='lat'><strong>—</strong></span> <span class='ocrx_word' id='word_1_282' title='bbox 969 2558 979 2571; x_wconf 62' lang='lat'>³*</span> <span class='ocrx_word' id='word_1_283' title='bbox 999 2557 1046 2591; x_wconf 82' lang='lat' dir='ltr'>qui</span> <span class='ocrx_word' id='word_1_284' title='bbox 1062 2557 1094 2582; x_wconf 88' lang='lat' dir='ltr'>V.</span> <span class='ocrx_word' id='word_1_285' title='bbox 1118 2573 1148 2575; x_wconf 73' lang='lat'>—</span> <span class='ocrx_word' id='word_1_286' title='bbox 1166 2558 1171 2571; x_wconf 71' lang='lat'><em>¹</em></span> <span class='ocrx_word' id='word_1_287' title='bbox 1192 2566 1247 2582; x_wconf 80' lang='lat'><em>0711.</em></span> <span class='ocrx_word' id='word_1_288' title='bbox 1262 2557 1294 2582; x_wconf 77' lang='lat' dir='ltr'>V.</span> <span class='ocrx_word' id='word_1_289' title='bbox 1310 2573 1341 2575; x_wconf 97' lang='lat'><strong>—</strong></span> <span class='ocrx_word' id='word_1_290' title='bbox 1363 2558 1372 2571; x_wconf 78' lang='lat'>⁵</span> <span class='ocrx_word' id='word_1_291' title='bbox 1387 2565 1402 2582; x_wconf 86' lang='lat' dir='ltr'>a</span> <span class='ocrx_word' id='word_1_292' title='bbox 1417 2556 1525 2582; x_wconf 79' lang='lat' dir='ltr'>iustitia</span> <span class='ocrx_word' id='word_1_293' title='bbox 1546 2572 1577 2575; x_wconf 68' lang='lat'>—</span> <span class='ocrx_word' id='word_1_294' title='bbox 1598 2556 1701 2590; x_wconf 90' lang='lat' dir='ltr'>primo]</span> <span class='ocrx_word' id='word_1_295' title='bbox 1723 2556 1791 2582; x_wconf 79' lang='lat' dir='ltr'>licet</span> <span class='ocrx_word' id='word_1_296' title='bbox 1804 2556 1834 2582; x_wconf 86' lang='lat' dir='ltr'>P.</span> 
     </span>
    </p>
   </div>
   <div class='ocr_carea' id='block_1_7' title="bbox 363 2671 1835 2749">
    <p class='ocr_par' dir='ltr' id='par_1_8' title="bbox 363 2671 1835 2749">
     <span class='ocr_line' id='line_1_30' title="bbox 453 2671 1835 2705; baseline -0.001 -8"><span class='ocrx_word' id='word_1_297' title='bbox 453 2673 491 2704; x_wconf 61' lang='lat'>(1)</span> <span class='ocrx_word' id='word_1_298' title='bbox 507 2672 538 2698; x_wconf 90' lang='lat' dir='ltr'>C.</span> <span class='ocrx_word' id='word_1_299' title='bbox 559 2672 690 2703; x_wconf 57' lang='lat' dir='ltr'>11,v.*21.</span> <span class='ocrx_word' id='word_1_300' title='bbox 706 2682 717 2696; x_wconf 53' lang='grc' dir='ltr'>α</span> <span class='ocrx_word' id='word_1_301' title='bbox 734 2672 836 2697; x_wconf 82' lang='lat' dir='ltr'>Melius</span> <span class='ocrx_word' id='word_1_302' title='bbox 860 2672 935 2697; x_wconf 79' lang='lat' dir='ltr'>enim</span> <span class='ocrx_word' id='word_1_303' title='bbox 959 2671 1012 2697; x_wconf 84' lang='lat' dir='ltr'>erit</span> <span class='ocrx_word' id='word_1_304' title='bbox 1036 2671 1091 2696; x_wconf 73' lang='lat' dir='ltr'>illis</span> <span class='ocrx_word' id='word_1_305' title='bbox 1114 2680 1171 2697; x_wconf 88' lang='lat' dir='ltr'>non</span> <span class='ocrx_word' id='word_1_306' title='bbox 1197 2680 1378 2704; x_wconf 61' lang='lat' dir='ltr'>cognoscere</span> <span class='ocrx_word' id='word_1_307' title='bbox 1398 2671 1474 2696; x_wconf 78' lang='lat' dir='ltr'>viam</span> <span class='ocrx_word' id='word_1_308' title='bbox 1500 2671 1634 2703; x_wconf 72' lang='lat' dir='ltr'>iustitiae,</span> <span class='ocrx_word' id='word_1_309' title='bbox 1660 2680 1745 2705; x_wconf 84' lang='lat' dir='ltr'>quam</span> <span class='ocrx_word' id='word_1_310' title='bbox 1768 2675 1835 2705; x_wconf 87' lang='lat' dir='ltr'>post</span> 
     </span>
     <span class='ocr_line' id='line_1_31' title="bbox 363 2714 1710 2749; baseline -0.001 -8"><span class='ocrx_word' id='word_1_311' title='bbox 363 2715 541 2749; x_wconf 83' lang='lat' dir='ltr'>agnitionem</span> <span class='ocrx_word' id='word_1_312' title='bbox 562 2719 719 2741; x_wconf 79' lang='lat' dir='ltr'>retrorsum</span> <span class='ocrx_word' id='word_1_313' title='bbox 740 2716 869 2741; x_wconf 83' lang='lat' dir='ltr'>converti</span> <span class='ocrx_word' id='word_1_314' title='bbox 891 2716 927 2741; x_wconf 77' lang='lat' dir='ltr'>ab</span> <span class='ocrx_word' id='word_1_315' title='bbox 948 2724 992 2747; x_wconf 77' lang='lat' dir='ltr'>eo,</span> <span class='ocrx_word' id='word_1_316' title='bbox 1014 2715 1092 2749; x_wconf 82' lang='lat' dir='ltr'>quod</span> <span class='ocrx_word' id='word_1_317' title='bbox 1113 2715 1168 2740; x_wconf 85' lang='lat' dir='ltr'>illis</span> <span class='ocrx_word' id='word_1_318' title='bbox 1190 2714 1324 2740; x_wconf 86' lang='lat' dir='ltr'>traditum</span> <span class='ocrx_word' id='word_1_319' title='bbox 1347 2718 1391 2740; x_wconf 80' lang='lat' dir='ltr'>est</span> <span class='ocrx_word' id='word_1_320' title='bbox 1411 2719 1512 2741; x_wconf 82' lang='lat' dir='ltr'>sancto</span> <span class='ocrx_word' id='word_1_321' title='bbox 1534 2715 1671 2741; x_wconf 81' lang='lat' dir='ltr'>mandato</span> <span class='ocrx_word' id='word_1_322' title='bbox 1689 2727 1710 2740; x_wconf 53' lang='lat' dir='ltr'>v.</span> 
     </span>
    </p>
   </div>
   <div class='ocr_carea' id='block_1_8' title="bbox 1865 2032 2028 2093">
    <p class='ocr_par' dir='ltr' id='par_1_9' title="bbox 1865 2032 2028 2093">
     <span class='ocr_line' id='line_1_32' title="bbox 1892 2032 1993 2057; baseline 0 0"><span class='ocrx_word' id='word_1_323' title='bbox 1892 2032 1956 2057; x_wconf 87' lang='lat' dir='ltr'>cod.</span> <span class='ocrx_word' id='word_1_324' title='bbox 1968 2032 1993 2057; x_wconf 93' lang='lat' dir='ltr'>V</span> 
     </span>
     <span class='ocr_line' id='line_1_33' title="bbox 1865 2066 2028 2093; baseline 0.006 -1"><span class='ocrx_word' id='word_1_325' title='bbox 1865 2066 1914 2092; x_wconf 84' lang='lat' dir='ltr'>fol.</span> <span class='ocrx_word' id='word_1_326' title='bbox 1925 2069 1977 2093; x_wconf 80' lang='lat'>255</span> <span class='ocrx_word' id='word_1_327' title='bbox 1988 2068 2028 2093; x_wconf 82' lang='lat' dir='ltr'>Va</span> 
     </span>
    </p>
   </div>
  </div>
 </body>
</html>
