2493 3458
739 447 933 482 QUARTUM
963 445 1260 480 QUODLIBETUM,
1290 445 1324 478 Q.
1355 445 1381 470 II
1741 445 1793 470 233

323 540 366 572 ad
405 544 562 571 naturam
605 536 733 579 speciei
773 536 853 578 quia
893 542 925 567 et
960 535 995 566 in
1035 534 1109 576 ipsa
1146 534 1310 565 uniuntur
1348 533 1576 565 essentialiter
1611 539 1643 564 et
1682 533 1791 575 ipsam

322 597 479 628 dividunt
518 594 785 632 accidentaliter,
818 604 888 625 non
920 599 1033 624 autem
1070 597 1343 634 cognosceretur
1374 592 1527 633 perfecte
1568 591 1644 622 talis
1670 597 1792 621 natura

321 654 387 686 nisi
412 654 513 686 etiam
537 658 810 696 cognosceretur
835 651 947 683 omnis
973 649 1171 681 huiusmodi
1195 649 1362 680 habitudo
1389 654 1421 679 et
1439 649 1524 679 ordo
1543 649 1586 679 ad
1613 649 1731 689 ipsam,
1752 668 1790 670 —

321 712 400 744 ideo
439 711 691 754 cognoscendo
738 715 895 740 naturam
936 707 1120 749 cognoscit
1159 706 1336 737 individua
1376 707 1568 737 secundum
1613 712 1791 746 utramque

321 769 558 801 habitudinem
602 768 645 799 ad
686 767 805 808 ipsam.
846 767 924 797 Hoc
962 771 1076 797 autem
1116 775 1186 795 non
1228 770 1319 795 esset
1359 764 1423 794 nisi
1464 769 1695 805 cognosceret
1736 763 1791 794 illa

321 826 481 858 distincte
514 831 546 857 et
579 825 771 857 secundum
803 824 896 865 quod
933 823 1090 854 dividunt
1123 833 1197 853 eam
1231 822 1323 853 dicto
1353 822 1466 852 modo.
1497 821 1658 853 Similiter
1688 821 1790 851 immo

320 885 427 915 multo
452 883 562 926 magis
588 884 694 920 Deus7
721 893 781 923 per
805 881 917 912 ideam
943 881 1095 922 perfecte
1114 884 1432 921 repraesentantem
1453 884 1610 909 naturam
1629 879 1790 919 aliquam,

320 942 369 973 sic
394 941 547 983 perfecte
571 939 729 980 intelligit
754 939 843 970 illam
870 944 905 970 ut
938 938 1105 980 intelligat
1140 936 1256 968 omnia
1293 936 1347 967 illa
1384 947 1472 977 quae
1509 937 1638 967 habent
1675 936 1790 977 aliquo

320 1000 425 1030 modo
451 997 607 1030 ordinem
634 1003 666 1029 et
691 996 928 1028 habitudinem
955 996 998 1027 ad
1023 1000 1180 1026 naturam
1206 994 1307 1025 illam.

408 1056 478 1088 Sed
504 1055 667 1096 quicquid
693 1054 735 1085 sit
764 1055 806 1085 de
831 1055 908 1091 hoc,
944 1053 1129 1084 dicendum
1157 1058 1192 1083 ut
1217 1052 1321 1093 priuS,
1348 1052 1517 1082 salvando
1544 1052 1731 1092 perfectam
1758 1057 1790 1083 et

319 1114 515 1145 distinctam
549 1112 784 1155 cognitionem
818 1112 851 1142 in
886 1112 961 1142 Deo
988 1110 1141 1141 omnium
1172 1116 1240 1141 tam
1267 1109 1491 1149 singularium
1525 1120 1627 1149 quam
1657 1109 1791 1140 univer-

318 1172 439 1203 salium
470 1176 503 1203 et
538 1170 703 1212 ponendo
729 1169 903 1200 minimam
929 1168 1187 1200 distinctionem
1223 1172 1256 1199 et
1292 1167 1543 1198 multitudinem
1577 1167 1730 1198 idearum
1757 1167 1789 1197 in

318 1229 404 1270 ipso,
423 1229 561 1271 Negare
586 1227 676 1260 enim
702 1228 813 1259 Deum
832 1237 1049 1267 cognoscere
1066 1225 1253 1268 singularia
1270 1224 1429 1256 distincte
1453 1231 1503 1256 est
1530 1224 1789 1263 inconveniens,

317 1287 379 1318 sed
404 1297 535 1328 ponere
561 1286 653 1327 quod
679 1286 746 1316 hoc
770 1285 829 1315 fiat
854 1295 915 1325 per
940 1295 1042 1314 unam
1069 1283 1181 1315 ideam
1207 1283 1373 1314 rationale
1398 1282 1540 1313 videtur.

406 1344 463 1375 Ad
509 1343 675 1375 rationem
724 1342 826 1385 igitur
866 1342 899 1373 in
940 1341 1139 1383 oppositum
1188 1341 1373 1372 dicendum
1413 1341 1506 1381 quod
1555 1340 1653 1381 ltilura
1701 1350 1789 1380 quae

317 1401 545 1433 essentialiter
580 1412 641 1442 per
676 1411 713 1432 se
750 1406 782 1432 et
814 1399 1000 1431 formaliter
1025 1404 1105 1430 sunt
1130 1399 1227 1440 plura
1257 1404 1290 1429 et
1320 1398 1490 1434 distincta,
1522 1404 1557 1428 ut
1591 1399 1687 1439 plura
1717 1398 1790 1429 sive

317 1459 477 1491 distincte
503 1469 574 1490 non
600 1463 861 1500 cognoscuntur
876 1456 941 1488 nisi
967 1468 1028 1498 per
1053 1457 1159 1497 plura,
1186 1456 1379 1487 secundum
1404 1466 1474 1487 rem
1501 1461 1535 1486 ut
1556 1455 1589 1486 in
1614 1455 1788 1493 creaturis,

316 1517 369 1548 vel
388 1517 580 1548 secundum
606 1516 773 1547 rationem
800 1521 835 1546 ut
860 1515 893 1546 in
925 1515 1010 1546 Deo.
1038 1514 1108 1545 Sed
1134 1514 1229 1555 plura
1255 1524 1325 1545 non
1355 1513 1583 1545 essentialiter
1608 1519 1641 1545 et
1666 1514 1789 1544 forma-

315 1574 390 1606 liter
421 1575 614 1606 secundum
655 1584 692 1605 se
724 1573 785 1605 sed
819 1572 1075 1604 accidentaliter
1108 1572 1240 1602 ratione
1278 1571 1484 1603 diversitatis
1519 1570 1691 1609 materiae,
1736 1571 1789 1602 vel

314 1631 447 1663 ratione
487 1631 623 1674 agentis
649 1631 746 1663 cuius
780 1630 870 1662 actio
903 1630 947 1661 ad
979 1630 1075 1671 plura
1105 1630 1170 1660 sub
1207 1640 1276 1660 una
1315 1629 1433 1670 specie
1474 1628 1684 1667 terminatur,
1718 1639 1788 1659 non

315 1695 452 1731 oportet
491 1690 584 1730 quod
624 1689 666 1719 ab
706 1688 758 1719 liis
795 1699 883 1729 quae
924 1698 995 1718 non
1034 1686 1204 1728 recipiunt
1240 1686 1475 1729 cognitionem
1503 1697 1521 1717 a
1560 1687 1664 1717 rebus
1704 1686 1788 1727 ipsis

315 1746 458 1778 diversis
497 1747 690 1778 secundum
732 1756 801 1777 rem
842 1745 875 1776 in
915 1745 1041 1785 angelo
1082 1745 1275 1775 secundum
1316 1744 1449 1785 aliquos
1494 1745 1545 1775 vel
1594 1745 1787 1775 secundum

314 1804 481 1836 rationem
506 1803 540 1835 in
570 1804 646 1835 Deo
679 1808 960 1844 c‹5›gn‹›scantur;
996 1803 1057 1834 sed
1093 1802 1286 1833 secundum
1323 1813 1429 1832 unum
1467 1807 1499 1833 et
1535 1801 1625 1833 illem
1659 1812 1788 1842 cogno-

313 1867 457 1894 scuntur
481 1862 574 1903 quod
596 1867 647 1893 est
664 1861 775 1903 primo
801 1866 833 1892 et
860 1871 919 1902 per
944 1871 981 1891 se
1007 1860 1092 1891 ratio
1119 1859 1258 1901 speciei,
1285 1865 1318 1891 et
1343 1859 1550 1891 secundario
1570 1865 1602 1891 et
1623 1860 1721 1900 quasi
1747 1871 1788 1891 ex
1827 1884 1832 1890 .

313 1919 543 1961 consequenti
568 1919 639 1951 sive
665 1919 698 1950 in
736 1918 811 1960 ipsa
848 1918 965 1959 specie
992 1918 1144 1949 omnium
1174 1917 1431 1948 individuorum
1468 1917 1668 1949 habentium
1694 1918 1788 1949 hunc

313 1977 469 2009 ordinem
494 1977 548 2008 vel
572 1976 811 2008 habitudinem
837 1977 879 2007 ad
906 1976 1014 2017 ipsam
1041 1975 1194 2017 speciem
1220 1976 1313 2016 quod
1349 1974 1485 2016 species
1519 1975 1786 2016 multiplicabilis

314 2040 366 2066 est
390 2034 424 2066 in
449 2035 543 2077 ipsis.

863 2176 1155 2216 QUAESTIO
1204 2176 1235 2206 11

956 2267 1138 2297 (LONGA).

332 2387 472 2423 Utrum
505 2390 654 2434 ponere
692 2399 752 2422 res
784 2385 1173 2433 praedicamentales
1209 2398 1290 2421 esse
1326 2389 1510 2422 aeternas
1544 2387 1763 2421 secundum

418 2466 498 2489 esse
528 2452 836 2502 qztl'clc‘lt’z‘cttsvztm
868 2452 919 2487 sil
943 2455 1091 2499 [wilere
1123 2453 1316 2488 mnndum
1349 2466 1430 2488 csse
1459 2455 1676 2488 aeternnm

399 2616 535 2648 Deinde
560 2616 651 2647 circa
677 2621 851 2647 creaturas
877 2616 909 2646 in
936 2616 1087 2656 generali
1124 2616 1355 2655 quaerebatur
1391 2627 1495 2646 unum
1522 2616 1682 2647 videlicet
1710 2627 1783 2657 per-

309 2674 422 2705 tinens
448 2674 492 2705 ad
518 2673 693 2705 entitatem
726 2673 986 2714 quidditativam
1012 2674 1064 2704 vel
1103 2673 1322 2705 essentialem
1360 2674 1552 2705 secundum
1586 2685 1662 2705 esse
1689 2675 1782 2715 quod

309 2732 439 2765 habent
485 2731 518 2762 in
558 2742 698 2773 genere,
740 2731 868 2763 scilicet
909 2736 1021 2762 utrum
1062 2741 1192 2773 ponere
1236 2742 1290 2762 res
1331 2731 1665 2773 praedicamentales
1704 2728 1782 2764 esse
