2493 3458
734 405 949 431 SECUNDUM
979 403 1275 438 QUODLIBETUM,
1305 404 1339 437 Q.
1369 403 1437 428 VIII
1772 403 1820 427 135

353 495 527 537 potentiae
560 496 601 526 ab
635 494 781 526 invicem
807 494 941 525 realiter
966 493 1174 531 differentes,
1207 498 1240 524 et
1265 492 1360 533 quod
1391 492 1513 523 ambae
1546 491 1613 522 sint
1644 490 1820 533 potentiae

353 553 487 584 animae
512 552 697 590 rationalis⁷
728 551 889 593 quoniam
923 551 1033 582 dicit¹
1069 551 1164 591 quod
1199 549 1346 581 intendit
1370 549 1413 580 de
1446 554 1542 590 parte
1579 548 1724 587 animae,
1750 559 1821 579 non

353 610 537 642 irrationali
563 610 788 651 participante
814 615 927 640 autem
953 608 1120 640 rationem
1137 607 1157 647 ²,
1182 607 1244 639 sed
1270 607 1312 638 de
1341 612 1437 648 parte
1466 606 1600 638 animae
1630 616 1718 647 quae
1735 606 1746 622 ³
1771 610 1822 637 est

354 667 521 699 rationem
548 668 691 699 habens.
726 667 855 698 Dicens
889 666 1010 698 etiam:
1041 670 1313 707 «supponantur
1345 664 1512 695 rationem
1544 663 1707 695 habentia
1740 663 1822 701 duo,

355 737 459 757 unum
486 736 553 766 quo
570 725 580 741 ⁴
606 725 826 766 speculamur
850 724 927 755 talia
953 724 1081 756 entium
1100 733 1188 764 quae
1209 733 1279 754 non
1307 721 1476 764 contingit
1501 721 1597 753 aliter
1621 732 1658 753 se
1683 721 1823 759 habere,

355 783 445 814 aliud
485 793 554 823 quo
596 781 844 824 contingentia.
885 782 941 812 Ad
973 792 1013 813 ea
1046 780 1137 812 enirn
1177 791 1266 821 quae
1305 790 1434 822 genere
1475 779 1589 817 altera,
1626 783 1658 810 et
1690 777 1824 809 animae

355 840 596 882 particularum
623 840 765 871 alterum
790 850 920 882 genere
946 839 989 870 ad
1015 844 1197 879 utrumque
1223 843 1340 879 aptum
1372 842 1512 874 natum3
1545 836 1678 867 dicatur
1712 841 1824 867 autem

355 899 478 929 horum
505 898 643 938 quidem
669 899 736 928 hoc
762 897 1000 932 scientificum„
1026 897 1094 927 hoc
1119 901 1232 927 autem
1258 894 1543 926 ratiocinativum.
1564 909 1574 921 2>

445 955 515 987 Sed
548 966 625 986 cum
659 955 690 986 in
725 965 854 997 genere
886 954 1025 985 rerum⁵
1057 953 1283 985 materialium
1317 952 1359 984 sit
1391 963 1522 994 ponere
1555 956 1687 983 tantum
1723 961 1826 982 unam

356 1012 531 1044 materiam
557 1013 749 1044 secundum
768 1012 952 1044 essentiam
978 1022 1048 1042 non
1074 1010 1338 1042 diversificatam
1355 1010 1548 1041 secundum
1571 1019 1642 1040 rem
1667 1013 1827 1050 respectu

357 1070 509 1102 omnium
540 1071 725 1101 formarum
755 1069 979 1101 materialium
1009 1069 1051 1100 ad
1081 1079 1167 1110 quas
1194 1074 1309 1099 tamen
1338 1079 1408 1099 non
1438 1073 1489 1099 est
1518 1067 1550 1098 in
1579 1065 1734 1108 potentia
1762 1065 1828 1097 nisi

357 1129 477 1162 ordine
506 1129 667 1170 quodam,
697 1128 741 1159 ita
772 1127 907 1159 videtur
934 1127 1028 1168 quod
1058 1126 1145 1158 θῑίῖ6
1177 1126 1210 1157 in
1242 1136 1371 1169 genere
1402 1125 1666 1168 intelligibilium
1699 1135 1829 1167 ponere

357 1198 460 1219 unarn
486 1186 583 1228 quasi
608 1185 783 1217 materiam
810 1185 1003 1216 secundum
1028 1195 1098 1215 rem
1124 1195 1194 1215 non
1220 1183 1383 1214 variatam
1408 1188 1568 1225 respectu
1593 1183 1746 1215 omnium
1764 1182 1829 1213 for-

358 1256 488 1276 marum
514 1243 787 1286 intelligibilium.
814 1242 905 1283 Quia
934 1242 1024 1273 enim
1051 1242 1243 1274 intellectus
1269 1247 1321 1273 est
1346 1241 1444 1282 quasi
1469 1241 1574 1272 virtus
1599 1239 1830 1272 immaterialis

359 1308 392 1334 et
421 1302 470 1333 sic
496 1301 755 1342 quodammodo
784 1300 926 1339 infinita,
953 1300 1032 1341 quia
1064 1310 1134 1331 non
1164 1304 1342 1331 contracta
1372 1299 1415 1330 ad
1446 1298 1621 1330 materiam
1648 1298 1830 1341 signatam,

359 1371 400 1392 eo
431 1360 525 1401 quod
557 1370 627 1390 non
669 1365 721 1390 est
755 1358 860 1389 virtus
894 1357 1061 1400 organica
1102 1357 1154 1389 vel
1187 1356 1380 1395 materialis,
1422 1356 1502 1388 ideo
1540 1356 1645 1387 virtus
1679 1355 1752 1388 eius
1793 1366 1830 1387 se

359 1413 512 1449 extendit
546 1417 589 1448 ad
625 1416 911 1459 cognoscendum
945 1415 1061 1447 onmia
1097 1420 1132 1446 ut
1167 1415 1232 1446 sibi
1265 1414 1401 1446 obiecta
1442 1415 1493 1446 vel
1526 1414 1569 1445 ad
1601 1413 1775 1446 obiectum
1808 1414 1811 1453 Ι

360 1486 543 1507 commune
572 1474 733 1506 omnibus
764 1474 910 1505 entibus.
938 1473 1049 1511 Unde,
1083 1478 1118 1504 ut
1150 1472 1232 1504 dicit
1266 1472 1498 1514 Philosophus
1525 1474 1594 1512 (l):
1625 1471 1830 1510 intellectus,

360 1533 491 1565 scilicet
514 1531 700 1575 possibilis,
727 1538 777 1563 est
805 1542 873 1572 quo
909 1536 960 1563 est
985 1530 1101 1563 omnia
1126 1530 1208 1561 fieri.
1241 1530 1284 1561 Et
1311 1530 1361 1562 sic
1395 1530 1569 1562 obiectum
1595 1529 1668 1561 eius
1694 1534 1746 1561 est
1770 1539 1832 1560 ens

361 1591 554 1623 secundum
588 1590 680 1631 quod
706 1600 790 1628 ens3
826 1594 858 1621 et
884 1600 986 1620 omne
1012 1589 1105 1630 quod
1130 1589 1235 1620 habet
1267 1587 1436 1619 rationem
1462 1587 1550 1619 entis
1576 1592 1608 1619 et
1634 1586 1833 1628 quidditatis

359 1648 549 1690 aliqualiter
581 1648 685 1679 habet
720 1647 888 1679 rationem
925 1646 1052 1678 obiecti
1092 1651 1253 1688 respectu
1286 1645 1390 1677 huius
1426 1645 1631 1677 intellectus.
1672 1644 1709 1676 Si
1750 1655 1833 1687 ergo

360 1705 515 1749 potentia
541 1705 675 1736 animae
702 1704 793 1736 dicat
817 1716 887 1736 rem
913 1704 1061 1745 aliquam
1087 1703 1248 1743 additam,
1274 1708 1368 1745 patet
1402 1703 1496 1744 quod
1526 1714 1597 1735 non
1631 1703 1734 1734 debet
1767 1701 1835 1734 dici

362 1764 427 1795 alia
452 1768 485 1795 et
509 1763 573 1794 alia
606 1762 761 1804 potentia
797 1762 932 1794 animae
965 1767 1125 1804 respectu
1161 1761 1375 1793 obiectorum
1409 1771 1707 1802 quorumcumque
1740 1759 1835 1791 intel-

361 1821 551 1865 ligibilium,
577 1821 640 1853 sed
666 1821 777 1852 solum
803 1820 967 1852 differens
1000 1820 1193 1852 secundum
1228 1819 1396 1851 rationem
1428 1819 1482 1851 vel
1515 1824 1721 1861 respectum,
1748 1817 1836 1849 sicut

362 1880 490 1912 dictum
515 1884 567 1911 est
592 1879 635 1911 de
652 1878 802 1910 materia.

451 1939 562 1969 Immo
577 1936 587 1952 ⁷
612 1936 724 1975 etiam,
752 1942 787 1968 ut
812 1936 947 1968 videtur
963 1936 982 1975 Β,
1008 1935 1036 1967 si
1054 1935 1231 1978 potentiae
1249 1935 1316 1966 sint
1333 1940 1512 1977 respectus
1537 1934 1676 1976 quidam
1693 1933 1704 1950 ⁹
1728 1934 1837 1966 reales

364 2001 524 2037 respectu
550 1995 764 2026 diversorum
791 1993 1065 2036 intelligibilium,
1092 2004 1161 2025 non
1181 1998 1280 2025 erunt
1305 1993 1462 2025 diversae
1489 1992 1663 2034 potentiae
1682 1991 1838 2023 diversos

364 2059 543 2095 respectus
577 2053 686 2084 reales
724 2052 959 2094 importantes,
997 2062 1039 2083 eo
1076 2052 1169 2093 quod
1206 2050 1322 2083 omnia
1354 2051 1484 2082 habent
1520 2061 1624 2081 unam
1660 2049 1838 2081 formalem

364 2111 532 2142 rationem
559 2110 695 2148 obiecti,
722 2109 852 2141 scilicet
878 2109 1045 2141 rationem
1071 2109 1141 2140 veri
1168 2109 1240 2140 sive
1266 2108 1354 2140 entis
1379 2107 1594 2150 quidditativi
1623 2106 1839 2149 respicientis

365 2180 469 2200 unam
502 2168 700 2210 potentiam.
734 2168 804 2200 Sed
834 2178 911 2199 cum
940 2178 1006 2199 nec
1034 2168 1102 2198 hoc
1132 2167 1305 2198 obiectum
1335 2167 1461 2197 habeat
1480 2166 1503 2182 ¹⁰
1536 2176 1639 2196 unam
1671 2165 1839 2197 rationem

366 2226 508 2257 omnino
527 2226 711 2257 univocam
726 2225 819 2266 (quia
837 2236 898 2257 ens
917 2225 1110 2256 secundum
1129 2225 1222 2266 quod
1241 2235 1303 2255 ens
1322 2224 1415 2265 quod
1430 2223 1554 2256 dicitur
1571 2234 1648 2255 esse
1666 2223 1840 2254 obiectum

367 2284 560 2315 intellectus
578 2295 646 2315 non
666 2289 716 2315 est
735 2283 816 2324 quid
836 2283 1022 2314 univocum
1040 2283 1101 2314 sed
1120 2283 1317 2325 analogum,
1336 2293 1398 2324 per
1415 2281 1509 2323 prius
1525 2281 1654 2313 dictum
1673 2281 1715 2312 de
1733 2280 1842 2322 prima

367 2341 559 2373 substantia
585 2347 618 2373 et
643 2341 685 2372 (le
711 2341 872 2372 omnibus
898 2341 971 2372 alii>¹
997 2351 1058 2382 per
1083 2340 1338 2371 attributionem
1365 2340 1408 2370 ad
1426 2339 1560 2381 ipsam),
1580 2358 1619 2361 —
1638 2338 1683 2370 ita
1708 2338 1843 2370 videtur

460 2485 534 2509 ¹0171.
556 2484 585 2509 P.
607 2500 638 2502 —
660 2484 669 2497 2
683 2492 742 2509 rem
764 2483 801 2514 1³3
822 2482 1007 2513 rationemffl)
1028 2483 1095 2508 mid.
1117 2491 1213 2516 marg.
1229 2483 1259 2508 P.
1275 2498 1306 2501 —
1327 2482 1337 2497 ²³
1351 2490 1405 2507 0711.
1426 2482 1455 2507 P.
1477 2497 1509 2499 ᾼ
1530 2482 1538 2496 ⁴
1554 2490 1607 2507 om.
1629 2481 1658 2506 P.
1679 2497 1711 2499 —
1733 2482 1742 2495 ⁵
1756 2481 1799 2506 bis
1813 2481 1842 2506 P.

370 2544 402 2546 —
423 2528 432 2542 θ
446 2527 482 2553 sit
502 2528 533 2553 P.
554 2543 586 2546 —
609 2528 617 2541 ⁷
637 2526 730 2562 primo
746 2527 802 2552 PV.
820 2543 851 2545 —
867 2529 876 2541 ⁴⁸
891 2526 995 2552 dicitur
1012 2527 1040 2552 P.
1057 2542 1088 2544 ᾉ
1104 2527 1114 2541 ⁰
1129 2530 1279 2560 respectus
1301 2525 1428 2560 quidam]
1450 2525 1567 2559 quidam
1589 2528 1740 2559 respectus
1761 2524 1790 2550 P.
1811 2540 1843 2543 —

372 2572 392 2586 ¹0
411 2572 499 2597 habet
519 2571 548 2596 P.

460 2662 498 2692 (ll
519 2660 738 2685 Aristotelis
768 2660 811 2685 De
830 2659 934 2685 ‹ttzl'nzct
954 2659 970 2684 l.
993 2659 1042 2689 ΙΙΙ,
1063 2667 1086 2684 c.
1106 2660 1122 2683 5
1143 2664 1181 2692 (p.
1201 2659 1272 2689 430).
1304 2657 1349 2682 Καὶ
1374 2655 1440 2682 ἐττιν
1464 2656 1477 2681 ὁ
1503 2655 1549 2688 μὲν
1574 2658 1693 2685 τοιοῦτος
1724 2657 1783 2686 νοῦς
1807 2658 1845 2692 τῷ

371 2702 456 2730 πάντα
475 2702 595 2739 γίνεσθαι.

1888 1420 1953 1447 cod.
1968 1420 1990 1445 P

1853 1456 1901 1482 fol.
1918 1457 1968 1482 148
1981 1455 2023 1481 Va
