2493 3458
683 450 717 474 80
1047 448 1234 474 MAGISTRl
1266 447 1483 472 CODEFRmI
1514 447 1564 472 DE
1594 447 1790 473 FONTlssL'S

773 537 1035 579 Intelligendum
1065 547 1149 577 ergo
1178 536 1270 577 quod
1297 535 1378 567 illud
1404 542 1643 578 argumentum
1671 536 1714 567 (le
1740 535 1921 567 animabus
1946 542 1979 568 et
2004 536 2085 568 illud
2112 537 2154 568 de

683 594 854 637 lapidibus
873 605 941 626 non
968 599 1117 635 arguunt
1142 595 1307 625 mundum
1334 593 1531 635 simpliciter
1556 604 1626 625 non
1652 593 1806 635 potuisse
1833 593 1939 625 fuisse
1964 601 2153 633 aeternum,

683 652 755 684 sive
780 658 946 693 quantum
976 652 1019 683 ad
1045 651 1175 693 aliquas
1197 657 1310 692 partes
1336 650 1420 688 eius,
1447 651 1519 682 sive
1545 651 1737 683 secundum
1765 651 1865 683 alium
1895 651 2052 683 ordinem
2082 651 2154 684 sive

682 709 783 741 etiam
820 709 921 741 alium
960 709 1124 740 mundum
1163 709 1234 740 sive
1265 719 1520 750 quamcumque
1557 715 1759 741 creaturam.
1794 709 1864 741 Sed
1894 709 1974 750 quia
2002 710 2154 741 mundus

682 767 873 799 secundum
890 778 1027 798 cursum
1052 766 1058 783 ¹
1083 777 1184 807 quem
1204 766 1361 798 videmus
1379 766 1513 798 videtur
1538 777 1615 798 esse
1641 767 1690 798 sic
1716 766 1826 798 factus
1852 767 1945 808 quod
1971 767 2077 798 hoino
2103 774 2154 799 est

682 824 905 867 principalius
935 824 1100 855 intentum
1132 823 1219 855 inter
1247 823 1338 855 entia
1367 823 1538 862 inferiora,
1563 824 1590 855 si
1628 825 1733 855 homo
1763 834 1832 855 non
1868 824 1979 866 potuit
2007 835 2085 856 esse
2110 826 2154 856 ab

682 888 834 921 aeterno,
869 881 1089 924 probabiliter
1121 881 1275 923 arguitur
1307 883 1400 923 quod
1431 882 1581 913 mundus
1614 883 1806 914 secundum
1839 883 1932 914 hunc
1957 893 2094 914 cursum
2121 888 2155 914 et

1470 940 1490 978 ²,
1525 939 1678 981 potentia
1713 939 1898 981 praecipue
1931 940 2089 972 ordinata
2121 946 2155 972 et

682 940 837 972 ordinem
875 951 943 971 non
978 939 1088 981 potuit
1120 950 1198 971 esse
1231 940 1274 970 ab
1308 945 1450 971 aeterno

682 997 868 1039 praecipue
897 997 985 1028 sicut
1021 1008 1114 1028 nunc
1151 1003 1201 1028 est
1235 997 1268 1028 in
1305 997 1426 1028 ordine
1452 998 1494 1028 ad
1531 997 1675 1038 gloriam
1715 1003 1747 1029 et
1781 997 2049 1034 beatitudinem:
2086 999 2154 1029 hoc

681 1062 795 1087 tamen
815 1066 884 1086 non
910 1054 1021 1095 arguit
1046 1055 1139 1096 quod
1159 1054 1170 1071 ³
1195 1055 1290 1085 nullo
1317 1055 1420 1086 modo
1446 1067 1523 1086 esse
1550 1054 1661 1096 potuit
1685 1061 1841 1086 creatura
1867 1056 1910 1086 ab
1935 1061 2086 1087 aeterno.
2113 1055 2155 1087 Et

681 1113 760 1145 ideo
786 1118 940 1144 neutram
968 1118 1098 1154 partem
1124 1112 1388 1144 determinando
1414 1118 1577 1153 tanquam
1598 1123 1713 1144 verum
1734 1113 1978 1149 necessarium,
1997 1119 2152 1145 neutram

681 1171 782 1203 etiam
820 1171 1039 1212 reprobando
1077 1176 1240 1211 tanquam
1274 1170 1395 1201 falsum
1431 1170 1644 1212 impossibile
1680 1171 1741 1201 sed
1775 1176 1937 1212 tanquam
1975 1170 2154 1212 probabile

681 1228 753 1260 sive
786 1228 1009 1270 probabiliter
1033 1239 1151 1259 verum
1189 1228 1240 1259 vel
1267 1228 1400 1263 falsum,
1428 1234 1541 1269 potest
1579 1227 1645 1259 (lici
1682 1229 1775 1269 quod
1812 1234 1956 1270 utraque
1989 1239 2069 1270 pars
2094 1239 2155 1271 per

681 1287 821 1317 modum
840 1285 1024 1328 opinabilis
1041 1285 1113 1317 sive
1131 1286 1232 1317 etiam
1252 1285 1434 1321 credibilis,
1454 1297 1523 1317 non
1543 1285 1831 1324 demonstrabilis,
1851 1292 1965 1328 potest
1982 1286 2153 1325 sustineri,

681 1350 714 1376 et
739 1350 860 1375 neutra
886 1354 1039 1375 erronea.

1256 1526 1497 1566 ρυΑΕδί-ιω
1524 1527 1579 1558 lv.

754 1626 893 1663 Utrum
930 1625 1065 1676 aliqua
1100 1625 1324 1661 substantia
1360 1628 1494 1661 creatu
1527 1625 1652 1673 possi!
1685 1638 1767 1662 csse
1807 1625 2080 1662 immediatum

1034 1691 1286 1740 primtipt'11111
1322 1691 1498 1728 alicuius
1532 1692 1784 1741 operationis.

768 1856 895 1888 Postea
920 1856 1010 1888 circa
1036 1862 1211 1888 creaturas
1236 1856 1269 1887 in
1296 1856 1437 1898 speciali
1463 1858 1719 1898 quaerebantur
1744 1857 1914 1898 quaedam
1945 1857 2152 1898 pertinentia

680 1915 723 1946 ad
748 1913 976 1945 substantiam
1002 1913 1035 1945 in
1061 1914 1226 1955 generali,
1252 1914 1423 1955 quaedam
1450 1914 1655 1956 pertinentia
1682 1915 1725 1946 ad
1746 1915 1915 1956 quasdam
1941 1914 2153 1946 substantias

680 1971 714 2003 in
747 1971 900 2013 speciali.
935 1971 1035 2004 Circa
1069 1972 1273 2013 pertinentia
1312 1972 1355 2003 ad
1392 1972 1620 2003 substantiam
1659 1972 1691 2003 in
1730 1972 1882 2015 generali
1923 1973 2154 2014 quaerebatur

681 2040 797 2068 unum,
816 2035 927 2060 utrum
953 2029 1067 2070 aliqua
1091 2030 1285 2061 substantia
1310 2036 1424 2061 creata
1451 2029 1559 2071 possit
1577 2042 1655 2062 esse
1685 2029 1918 2062 immediatum
1945 2030 2151 2072 principium

680 2086 824 2119 alieuius
854 2087 1066 2128 operationis
1097 2089 1230 2128 absque
1256 2087 1368 2128 aliqua
1394 2088 1548 2129 potentia
1578 2087 1642 2129 ipsi
1666 2088 1904 2120 substantiae⁴
1929 2087 2153 2130 superaddita

679 2155 768 2186 quae
800 2145 927 2176 habeat
951 2144 1119 2176 rationem
1145 2145 1344 2177 accidentis.
1378 2145 1420 2176 Et
1453 2146 1662 2188 arguebatur
1691 2146 1785 2187 quod
1817 2145 2012 2177 substantia
2037 2151 2152 2177 creata

679 2202 789 2244 possit
814 2213 892 2234 esse
918 2202 1152 2234 immediatum
1187 2202 1392 2244 principium
1423 2203 1568 2235 alicuius
1603 2203 1817 2244 operationis
1854 2203 1955 2235 etiam
1992 2202 2152 2235 acciden-

679 2259 763 2292 talis.
791 2259 882 2300 Quia
906 2270 1074 2302 generare
1100 2265 1150 2291 est
1177 2261 1347 2301 quaedam
1373 2260 1530 2302 operatio
1557 2271 1645 2301 quae
1670 2271 1741 2292 non
1767 2260 1970 2299 substantia,
1988 2260 2068 2302 quia
2086 2270 2152 2292 nec

679 2323 730 2348 est
761 2317 954 2349 substantia
987 2317 1187 2360 generantis
1213 2328 1278 2349 nee
1310 2318 1464 2359 generati
1501 2328 1566 2350 nee
1592 2317 1689 2349 tertia
1722 2317 1915 2349 substantia
1939 2317 2151 2356 subsistens;

678 2385 784 2416 quare
813 2381 864 2407 est
894 2374 1129 2407 accidentalis.
1160 2375 1202 2407 Et
1234 2382 1348 2407 tamen
1373 2375 1571 2407 huiusmodi
1598 2375 1809 2417 operationis
1838 2386 1908 2407 non
1934 2381 2049 2417 potest
2073 2386 2152 2407 esse

678 2432 842 2464 accidens
867 2432 1083 2474 principium,
1109 2433 1189 2474 quia
1215 2433 1378 2465 accidens
1404 2444 1474 2464 non
1500 2439 1615 2475 potest
1639 2433 1809 2475 attingere
1834 2433 1878 2464 ad
1903 2433 2031 2474 aliquid
2056 2433 2151 2474 quod

679 2490 721 2521 sit
746 2496 840 2522 extra
865 2490 989 2522 limites
1014 2490 1214 2529 accidentis,
1241 2497 1273 2522 et
1298 2491 1348 2522 sic
1373 2502 1444 2522 non
1470 2491 1513 2522 ad
1538 2490 1788 2525 substantiam:
1815 2490 2008 2522 substantia
2036 2497 2150 2522 autem

678 2547 880 2589 producitur
904 2547 938 2579 in
964 2558 1042 2580 esse
1067 2559 1129 2590 per
1152 2548 1424 2591 generationem.
1452 2550 1569 2589 Quare
1595 2554 1627 2580 et
1653 2554 1777 2581 cetera.

767 2704 774 2717 ¹
794 2703 954 2728 secundum
979 2704 1104 2737 cursum]
1126 2712 1179 2729 om.
1200 2704 1231 2729 P.
1247 2720 1278 2722 ἑ
1294 2704 1303 2718 ²
1323 2703 1514 2738 probabiliter
1536 2720 1566 2722 v
1587 2705 1716 2737 aeterno]
1737 2712 1792 2729 om.
1813 2703 1842 2729 P.
1864 2719 1895 2722 —
1910 2704 1921 2718 ³
1934 2712 1991 2729 non
2007 2719 2039 2721 —
2059 2703 2150 2738 quod]

676 2746 730 2772 om.
745 2746 776 2772 P.
791 2762 823 2765 —
837 2748 846 2761 ⁴
861 2746 1011 2782 potentiae
1030 2747 1087 2772 ΡΥ.
