2493 3458
520 786 583 813 cod.
597 786 620 812 V

488 822 537 849 fol.
549 823 600 848 264
611 821 651 847 Vb

534 2504 598 2530 cod.
611 2505 632 2530 P

502 2540 552 2565 fol.
566 2542 615 2566 145
626 2541 666 2566 Vb

676 410 722 432 ¹06
1034 404 1222 431 MAGIsTRi
1253 402 1471 429 (joni-:Ffflm
1502 402 1552 427 DE
1581 400 1776 427 FON'I'IBUS

673 496 825 533 rationis,
855 506 925 527 non
951 501 1064 526 tamen
1090 500 1169 525 sunt
1195 492 1363 535 principia
1388 491 1445 530 rei,
1472 491 1516 522 ita
1550 491 1642 532 quod
1669 490 1778 522 solum
1811 489 1966 521 diversas
1991 495 2141 520 rationes

674 554 790 586 dicant
830 559 862 585 et
902 563 973 584 non
1014 552 1167 583 diversas
1207 561 1261 582 res
1301 556 1333 581 et
1373 555 1497 581 cetera.
1535 548 1626 589 Quia
1658 558 1742 589 ergo
1779 547 1892 579 unitas
1931 546 2141 578 delinitionis

675 611 860 644 attenditur
885 622 993 652 penes
1011 609 1175 641 unitatem
1203 609 1342 645 formae,
1369 613 1483 649 partes
1510 605 1720 638 definitionis
1746 616 1816 637 non
1842 611 1922 636 sunt
1945 610 2060 646 partes
2077 603 2141 636 nisi

675 670 777 702 unius
802 669 942 700 formae.
976 667 1096 700 Unitas
1131 666 1220 698 enim
1246 665 1456 697 delinitionis
1486 670 1519 696 et
1551 663 1681 695 definiti
1707 674 1778 695 non
1809 662 1984 704 patiuntur
2009 661 2142 704 plurali-

675 733 778 760 tatem
804 727 986 758 formarum
1013 735 1155 766 quarum
1182 735 1249 755 una
1275 723 1409 755 realiter
1442 722 1484 753 sit
1510 728 1603 753 extra
1635 727 1790 752 naturam
1823 720 1962 752 alterius
1986 719 2143 761 qualiter·

675 796 823 827 cumque
849 784 892 816 ad
919 783 1066 815 invicem
1092 782 1293 814 ordinentur
1312 781 1328 812 ¹.
1355 780 1428 812 Nec
1458 780 1546 811 valet
1575 779 1669 820 quod
1695 778 1818 810 dicitur
1847 778 1889 809 de
1914 777 2088 819 completo
2122 778 2125 817 Ι

676 849 709 876 et
734 842 955 884 incompleto‚
981 840 1060 882 quia
1086 851 1164 872 cum
1191 849 1420 880 unaquaeque
1439 838 1622 869 formarum
1649 835 1924 867 substantialium
1956 835 2013 867 det
2031 840 2143 866 actum

677 900 826 939 essendi,
852 910 1082 941 unaquaeque
1109 908 1225 929 earum
1251 903 1302 929 est
1328 903 1425 927 actus
1460 895 1654 937 completus
1685 893 1892 936 simpliciter,
1919 899 1951 925 et
1980 892 2025 924 ita
2059 892 2087 924 si
2113 892 2145 924 in

677 970 713 991 re
745 958 812 990 sint
846 958 961 1000 plures
996 962 1093 988 actus
1128 954 1373 986 substantiales
1403 959 1720 995 quantumcumque
1758 950 1966 993 incompleti,
2003 950 2056 982 illa
2093 960 2146 982 res

678 1016 739 1049 erit
779 1016 875 1058 plura
915 1014 986 1046 sive
1027 1014 1131 1045 multa
1171 1012 1380 1054 simpliciter,
1416 1022 1493 1043 cuin
1531 1010 1723 1042 secundum
1760 1015 1872 1040 actum
1914 1008 2053 1041 essendi
2093 1018 2147 1040 res

678 1074 850 1106 uniuntur.

768 1130 918 1163 Ulterius
949 1141 1033 1171 ergo
1063 1129 1106 1160 ad
1141 1128 1375 1160 exclusionem
1402 1126 1632 1158 distinctionis
1662 1137 1729 1167 qua
1762 1125 1880 1157 dicunt
1909 1125 2002 1166 quod
2039 1125 2148 1155 forma

679 1189 887 1230 incompleta
917 1193 1031 1229 potest
1065 1198 1143 1218 csse
1172 1185 1326 1228 potentia
1358 1191 1516 1226 respectu
1549 1184 1678 1215 formae
1708 1183 1912 1225 completae,
1931 1193 2000 1214 non
2035 1187 2148 1213 autem

680 1247 860 1288 completa,
894 1245 1154 1285 intelligendum
1189 1244 1283 1285 quod
1315 1243 1440 1284 aliquid
1476 1242 1590 1273 dicere
1616 1247 1729 1273 actum
1763 1241 2009 1282 incompletum
2036 1244 2150 1281 potest

681 1304 823 1344 intelligi
852 1302 1042 1345 dupliciter.
1070 1302 1130 1334 Vel
1150 1301 1229 1343 quia
1255 1300 1335 1332 dicit
1361 1300 1452 1332 illum
1479 1306 1592 1331 actum
1619 1299 1765 1330 subesse
1791 1304 1823 1330 et
1848 1298 1980 1330 ratione
1996 1297 2007 1314 ²
2032 1303 2150 1339 poten-

681 1363 759 1401 tiali,
779 1382 818 1384 —
837 1361 924 1393 sicut
949 1361 1062 1391 album
1094 1359 1126 1391 in
1154 1358 1306 1401 potentia
1333 1364 1365 1390 et
1391 1368 1468 1390 cum
1504 1364 1555 1389 est
1592 1357 1624 1388 in
1651 1363 1746 1388 motu
1772 1355 2002 1388 dealbationis
2028 1354 2152 1386 dicitur

681 1432 757 1452 esse
783 1420 897 1451 albuin
924 1418 1141 1459 incomplete,
1175 1416 1272 1458 quasi
1306 1416 1435 1447 scilicet
1462 1426 1530 1447 non
1562 1416 1666 1446 babet
1698 1415 1842 1446 formam
1869 1413 1957 1445 illam
1975 1413 1986 1429 ³
2013 1413 2046 1444 in
2072 1418 2151 1444 actu

681 1479 743 1510 sed
779 1477 812 1508 in
850 1476 1013 1518 potentia.
1049 1475 1249 1507 Secundum
1287 1475 1354 1506 lioc
1402 1485 1442 1505 ex
1479 1473 1654 1515 completo
1691 1479 1723 1504 et
1761 1472 1972 1513 incoinpleto
2007 1482 2077 1502 non
2117 1470 2153 1502 fit

682 1535 818 1578 proprie
859 1533 986 1576 aliquid
1027 1544 1143 1570 unum,
1184 1533 1245 1564 sed
1283 1532 1394 1574 ipsum
1437 1531 1682 1572 incoinpletum
1719 1530 1755 1562 fit
1795 1530 2015 1571 completum,
2052 1533 2154 1570 prout

682 1594 797 1625 album
835 1592 868 1624 in
905 1591 1059 1634 potentia
1096 1591 1131 1622 fit
1168 1591 1282 1622 album
1319 1590 1350 1621 in
1389 1595 1477 1621 actu.
1517 1589 1717 1630 Aliquando
1753 1599 1835 1620 vero
1871 1587 1995 1619 dicitur
2025 1586 2153 1628 aliquid

682 1651 930 1692 incompletuin
957 1649 1148 1681 secundum
1175 1647 1323 1689 aliquam
1351 1648 1505 1683 formam,
1532 1658 1602 1678 non
1632 1646 1711 1688 quia
1742 1646 1869 1678 habeat
1894 1645 1983 1676 illam
2010 1645 2152 1676 formam

683 1709 716 1741 in
743 1708 897 1751 potentia
922 1713 954 1739 et
986 1707 1035 1738 sic
1070 1707 1251 1738 formatum
1285 1705 1326 1737 sit
1362 1705 1394 1736 in
1429 1705 1583 1747 potentia
1617 1704 1810 1736 secundum
1842 1703 1943 1739 illam,
1978 1703 2040 1734 sed
2074 1701 2155 1743 quia

683 1768 788 1799 habet
813 1772 918 1798 totam
946 1764 1175 1797 actualitatem
1202 1774 1304 1805 quam
1330 1770 1410 1794 nata
1435 1769 1486 1795 est
1513 1762 1653 1794 materia
1679 1762 1807 1793 babere
1839 1761 1890 1793 vel
1923 1759 2154 1802 compositum

683 1825 875 1857 secundum
902 1823 992 1854 illam
1019 1823 1173 1859 sormam,
1199 1821 1252 1852 illa
1278 1827 1392 1852 tamen
1419 1821 1527 1852 forma
1560 1827 1612 1851 est
1637 1819 1847 1861 incompleta
1873 1819 1925 1850 vel
1955 1818 2156 1860 imperfecta

684 1888 844 1924 respectu
871 1880 1019 1918 alterius,
1045 1880 1097 1911 vel
1131 1879 1231 1911 etiarn
1258 1879 1368 1921 ipsum
1405 1877 1636 1920 compositum
1669 1888 1711 1909 ex
1735 1876 1876 1908 materia
1901 1882 1934 1908 et
1968 1876 2023 1908 illa
2047 1875 2157 1907 forma

685 1946 737 1973 est
771 1939 1016 1981 incompletum
1053 1937 1167 1979 aliquo
1202 1937 1308 1968 modo
1342 1942 1501 1978 respectu
1534 1935 1673 1967 alterius
1706 1935 1836 1966 formae
1873 1935 1925 1966 vel
1962 1932 2156 1975 compositi.

685 1998 727 2029 Et
751 1999 818 2029 hoc
843 1997 947 2029 modo
965 1997 1054 2027 bene
1080 2006 1149 2026 una
1174 1994 1309 2036 species
1334 1993 1499 2036 specifica
1525 1999 1576 2025 est
1602 1993 1684 2034 quid
1702 1991 1971 2034 incompletum⁴
1996 1996 2157 2033 respectu

685 2055 823 2087 alterius
859 2060 892 2086 et
927 2054 993 2085 tale
1030 2052 1278 2094 incompletum
1315 2062 1385 2083 non
1423 2050 1489 2082 fit''
1520 2051 1741 2092 completum,
1778 2060 1844 2082 nec
1880 2060 1921 2081 ex
1962 2049 2038 2091 ipso
2079 2059 2157 2080 cum

686 2113 860 2154 completo
892 2112 927 2143 fit
952 2111 1079 2152 aliquid
1105 2121 1211 2141 unum
1240 2121 1301 2151 per
1329 2120 1366 2141 se
1396 2109 1428 2140 in
1459 2114 1558 2146 actu3
1594 2108 1757 2149 quoniam
1791 2118 1868 2140 cum
1894 2106 2021 2148 aliquid
2048 2112 2099 2138 est
2125 2105 2157 2137 in

686 2176 764 2203 actu
789 2170 981 2202 secundum
1006 2168 1155 2209 aliquam
1180 2167 1377 2199 huiusmodi
1413 2167 1555 2198 formam
1590 2166 1721 2198 scilicet
1755 2165 2016 2197 substantialem
2042 2175 2158 2206 quam-

687 2238 835 2269 cumque
860 2227 1114 2268 incompletam,
1140 2225 1220 2267 quia
1245 2231 1359 2256 tamen
1393 2231 1445 2256 est
1470 2224 1503 2256 in
1536 2230 1615 2256 actu
1652 2224 1826 2265 complete
1851 2223 2044 2255 secundum
2069 2221 2158 2253 illam

688 2285 792 2319 cum⁶
831 2296 907 2317 eain
946 2285 1052 2316 habet
1091 2283 1272 2325 complete,
1313 2289 1475 2324 respectu
1515 2282 1641 2313 nullius
1682 2281 1819 2314 alterius
1860 2286 1974 2322 potest
2009 2290 2087 2312 esse
2126 2279 2160 2310 in

688 2343 843 2386 potentia
879 2341 1078 2384 simpliciter
1105 2341 1178 2373 sive
1206 2341 1335 2372 habere
1365 2340 1650 2382 potentialitatem
1686 2338 1886 2381 simpliciter
1913 2349 2002 2380 quae
2034 2338 2161 2369 habeat

689 2401 857 2433 rationem
883 2399 1029 2432 subiecti
1054 2404 1215 2441 respectu
1240 2399 1371 2430 formae
1397 2397 1510 2429 dantis
1536 2408 1613 2430 esse
1639 2397 1847 2439 simpliciter,
1868 2395 1947 2437 quia
1973 2395 2039 2427 iam
2064 2395 2098 2426 in
2123 2405 2161 2426 se

690 2460 757 2491 tale
783 2470 844 2491 ens
864 2458 970 2490 habet
987 2457 1219 2489 actualitatem
1249 2455 1458 2498 simpliciter,
1477 2466 1555 2487 cum
1580 2456 1707 2487 habeat
1732 2455 1904 2496 complete
1930 2453 2161 2485 actualitatem

691 2517 764 2549 eius
782 2517 875 2558 quod
893 2520 945 2548 est
970 2515 1079 2546 forma
1096 2520 1129 2546 et
1154 2520 1252 2547 actus
1275 2513 1484 2556 simpliciter,
1502 2513 1580 2546 licet
1612 2514 1616 2554 1
1649 2512 1692 2544 sit
1716 2512 1947 2554 incompletus
1972 2516 2008 2542 ut
2032 2510 2161 2543 dictum

781 2659 787 2672 ¹
808 2657 976 2683 ordinantur
990 2657 1019 2682 P.
1036 2672 1068 2675 —
1083 2657 1092 2671 ²
1106 2656 1210 2682 rationi
1224 2656 1254 2682 P.
1275 2671 1307 2675 —-
1322 2656 1332 2670 ³
1346 2655 1468 2681 formam
1489 2655 1577 2688 illam]
1592 2655 1671 2680 illam
1685 2654 1807 2680 formam
1823 2654 1853 2680 P.
1869 2669 1902 2672 —
1918 2655 1926 2668 ⁸
1940 2652 2118 2688 completum
2132 2651 2162 2678 P.

692 2718 723 2721 ἡ
739 2703 748 2716 ⁵
762 2701 831 2728 facit
845 2701 874 2728 P.
890 2717 922 2720 -
937 2701 946 2715 '¹
966 2705 1025 2727 tum
1039 2700 1085 2727 vel
1097 2704 1193 2726 tamen
1207 2700 1327 2735 scripsit
1341 2707 1436 2733 marg.
1451 2705 1484 2724 2⁰
1500 2707 1535 2724 m.
1550 2698 1581 2724 Ρ.
