2493 3458
734 425 948 451 SECUNDUM
978 425 1274 459 QUODLIBETUM‚
1304 426 1339 459 Q*
1366 425 1391 450 II
1765 427 1797 451 53

331 515 404 547 sivo
423 520 455 547 et
471 520 587 546 tamen
604 525 675 545 non
697 513 767 553 agit
792 513 825 544 in
850 513 932 544 illud
958 524 1023 544 nec
1048 513 1130 544 illud
1156 513 1270 554 aliquo
1296 513 1400 545 modo
1428 513 1601 554 impediat,
1622 520 1656 545 ut
1678 515 1739 546 fuit
1765 514 1797 545 in

332 572 446 614 pueris
470 578 602 609 natura,
629 571 741 602 calido
766 582 836 601 non
863 570 907 601 ita
933 571 1078 607 intenso,
1106 581 1169 601 nec
1195 571 1244 602 sic
1269 571 1390 602 virtute
1416 571 1529 601 divina
1555 573 1799 612 approximate)

328 629 579 671 praeservato¹
612 628 712 660 alicui
746 627 895 669 passivo,
929 628 1006 658 illud
1041 628 1211 659 afficiente
1244 634 1276 659 et
1308 629 1484 659 redeunte.
1519 628 1576 660 sic
1609 640 1693 669 ergo
1727 641 1798 660 non

332 688 465 719 videtur
490 687 583 728 quod
608 691 748 727 propter
773 685 948 726 praedicta
973 697 1043 716 non
1069 685 1178 726 possit
1203 685 1268 716 dici
1296 685 1376 725 quin
1396 685 1509 716 anima
1534 686 1659 717 Christi
1686 687 1798 727 aliquo

331 745 437 776 inodo
455 744 517 775 fuit
534 744 713 775 retardata.
735 763 771 765 —
783 742 964 774 Videretur
982 743 1167 774 dicendum
1188 743 1281 783 quod
1300 742 1496 783 praedictus
1515 743 1686 784 appetitus
1705 750 1798 775 natu-

332 802 409 833 ralis
434 802 557 833 virtute
583 800 697 831 divina
722 800 785 831 fuit
810 811 828 830 a
854 811 916 830 sua
942 800 1163 831 inclinatione
1190 810 1381 840 suspensus
1399 800 1426 831 si
1445 801 1512 831 hoc
1537 801 1702 841 possibile
1727 801 1799 835 fuit,

332 865 390 891 aut
416 859 607 890 intellectus
633 864 665 889 et
694 858 852 889 voluntas
878 857 911 888 in
937 863 1014 888 actu
1039 857 1208 888 fruitionis
1235 857 1317 888 alias
1336 857 1368 888 in
1394 863 1523 888 tantuin
1544 858 1799 895 fortificabatur,

332 917 364 948 in
382 916 392 932 ²
420 922 585 957 quantum
611 926 652 947 ex
680 915 877 946 huiusmodi
894 914 905 931 ³
933 914 1152 946 inclinatione
1178 914 1321 945 naturali
1352 915 1511 955 poterat⁴
1540 915 1705 956 impediri.
1737 917 1801 946 Per

332 974 423 1006 (licta
442 973 453 990 ⁵
477 979 570 1015 patet
594 972 776 1014 responsio
795 973 837 1003 ad
856 972 992 1003 obiecta
1011 973 1202 1003 secundum
1225 978 1402 1012 utramque
1421 972 1519 1003 viain.

917 1239 1156 1279 QUAEsrio
1183 1239 1219 1269 11.

371 1366 510 1403 Utrum
547 1365 714 1402 essentia
750 1367 958 1401 creaturae
991 1364 1042 1400 sit
1075 1364 1229 1413 aliquid
1265 1364 1499 1413 indzffbrens
1533 1365 1586 1400 ml
1616 1378 1696 1401 csse
1731 1368 1766 1400 et

972 1444 1046 1466 non
1079 1443 1170 1466 CSSG.

424 1595 549 1626 Postea
578 1594 666 1625 circa
697 1605 800 1635 puras
834 1599 1007 1625 creaturas
1037 1594 1291 1634 quaerebantur
1319 1593 1489 1634 quaedam
1523 1593 1728 1634 pertinentia
1757 1595 1799 1625 ad

334 1658 509 1684 creaturas
549 1652 582 1683 in
623 1651 786 1694 generali,
816 1652 986 1692 quaedam
1027 1650 1233 1692 pertinentia
1272 1652 1316 1681 ad
1349 1656 1522 1682 creaturas
1563 1652 1729 1691 quasdam
1767 1651 1799 1682 in

334 1709 484 1751 speciali.
517 1709 617 1741 Circa
646 1714 820 1740 creaturas
848 1709 882 1740 in
911 1708 1064 1750 generali
1094 1709 1347 1749 quaerebantur
1376 1708 1470 1742 (111ος
1501 1720 1605 1739 111111111
1632 1714 1703 1740 erat
1730 1720 1800 1750 per-

333 1767 445 1798 tinens
475 1767 517 1798 ad
549 1773 705 1798 naturam
735 1766 907 1798 essentiae
937 1771 1124 1804 creaturae,
1154 1766 1284 1797 scilicet
1312 1772 1424 1797 utrum
1449 1765 1599 1797 essentia
1624 1771 1800 1797 creaturae

334 1825 376 1856 :zit
411 1824 538 1865 aliquid
572 1824 773 1856 indifferens
812 1824 854 1855 ad
891 1834 968 1855 esse
998 1829 1030 1854 et
1058 1834 1129 1855 non
1162 1833 1263 1861 esse3
1296 1824 1488 1855 secundum
1522 1829 1593 1855 erat
1625 1823 1800 1865 pertinens

334 1883 377 1913 ad
396 1893 473 1914 esse
502 1882 704 1913 existentiae
731 1887 906 1913 creaturae
932 1887 1097 1922 quantuni
1124 1882 1167 1912 ad
1193 1881 1266 1912 eius
1292 1881 1517 1919 durationem,
1543 1881 1673 1913 scilicet
1690 1887 1800 1912 utrum

334 1940 483 1971 mundus
509 1939 582 1971 sive
608 1939 719 1980 aliqua
745 1944 902 1970 creatura
927 1939 1038 1980 potuit
1063 1949 1140 1969 esse
1166 1939 1219 1970 vel
1244 1938 1390 1970 existere
1415 1940 1458 1969 ab
1484 1944 1636 1970 aeterno.

422 1998 477 2029 Ad
503 1997 648 2039 primum
677 1998 799 2028 horum
830 1998 1039 2037 arguebatur
1059 1997 1152 2037 quod
1178 1997 1328 2027 essentia
1365 1998 1367 2036 Ι
1405 2002 1581 2028 creaturae
1606 1996 1649 2027 sit
1673 1996 1800 2038 aliquid

334 2055 533 2087 indifferens
562 2055 605 2086 ad
635 2065 712 2086 esse
742 2060 774 2086 et
803 2065 873 2085 non
903 2065 991 2091 esse,
1017 2054 1097 2094 quia
1127 2054 1271 2085 scientia
1302 2065 1373 2085 non
1403 2060 1453 2085 est
1478 2054 1543 2085 nisi
1572 2055 1615 2085 de
1640 2066 1682 2085 eo
1708 2055 1801 2095 quod

333 2119 384 2144 cst
413 2124 492 2144 vera
531 2112 707 2154 quidditas
742 2119 775 2143 et
812 2112 963 2144 essentia
996 2111 1068 2143 sive
1096 2122 1176 2143 vera
1205 2122 1259 2143 res
1292 2111 1622 2153 praedicamentalis.
1657 2112 1727 2144 Sed
1760 2113 1802 2143 ad

333 2171 400 2202 hoc
429 2170 523 2211 quod
552 2170 595 2201 de
624 2170 740 2211 aliquo
769 2170 811 2201 sit
840 2180 919 2201 vera
948 2169 1093 2200 scientia
1126 2180 1196 2200 non
1225 2175 1362 2210 oportet
1391 2170 1483 2210 quod
1517 2169 1558 2200 sit
1587 2170 1639 2201 vel
1670 2169 1801 2208 existat,

334 2229 395 2259 sed
424 2228 535 2259 solum
565 2228 658 2268 quod
686 2233 803 2269 aptum
832 2227 874 2258 sit
900 2238 978 2259 esse
1008 2227 1060 2258 vel
1088 2227 1244 2263 existere5
1273 2238 1352 2257 nam
1382 2237 1461 2258 vera
1490 2227 1633 2258 scientia
1658 2228 1803 2258 habetur

333 2287 376 2317 <sle
406 2285 525 2327 eclipsi
554 2291 587 2317 et
615 2286 657 2316 de
687 2285 802 2326 pluvia
830 2296 908 2316 cum
937 2296 1009 2316 non
1038 2290 1127 2315 sunt.
1160 2285 1254 2327 Ergo
1287 2285 1330 2315 ad
1364 2285 1430 2316 hoc
1463 2285 1555 2325 quod
1592 2285 1691 2316 alicui
1723 2295 1802 2316 con-

333 2343 448 2375 veniat
481 2353 560 2374 vera
593 2342 743 2374 essentia
776 2342 876 2387 realis
909 2343 961 2374 vel
996 2353 1073 2373 esse
1105 2342 1378 2383 quidditativum,
1418 2342 1489 2373 sive
1526 2343 1569 2373 ad
1605 2343 1674 2374 hoc
1710 2343 1802 2383 quod

334 2401 461 2442 aliquid
490 2400 532 2431 sit
560 2411 640 2432 vera
670 2400 843 2441 quidditas
873 2406 905 2431 et
937 2400 1097 2438 essentia,
1128 2410 1198 2431 non
1228 2405 1364 2440 oportet
1392 2400 1485 2440 quod
1519 2399 1561 2431 sit
1590 2400 1642 2431 vel
1671 2400 1801 2431 existat.

334 2459 426 2501 Ergo
455 2458 653 2489 huiusmodi
682 2458 834 2489 essentia
864 2458 916 2489 vel
946 2457 1130 2498 quidditas,
1160 2467 1238 2488 cum
1267 2447 1459 2488 secundun]
1485 2468 1584 2488 suum
1610 2468 1687 2489 esse
1712 2458 1802 2489 reale

335 2531 337 2533 ·
359 2516 597 2547 uidditativum
622 2515 735 2557 ipsum
761 2526 838 2547 esse
864 2516 917 2546 vel
942 2515 1088 2547 existere
1113 2526 1183 2546 non
1209 2514 1372 2553 includat,
1399 2520 1450 2546 est
1473 2514 1672 2546 indifferens
1697 2526 1803 2556 quan·

424 2671 432 2685 ¹
445 2670 652 2705 approximate
668 2671 871 2704 praeservata]
893 2672 1082 2704 praeservato
1104 2669 1305 2703 approximato
1326 2669 1390 2695 PV.
1405 2685 1437 2688 —
1452 2670 1462 2684 ²
1475 2679 1529 2696 om.
1542 2670 1573 2695 V.
1589 2686 1620 2688 —
1635 2671 1645 2685 ³
1659 2679 1693 2696 ex
1708 2670 1802 2697 huius-

370 2714 422 2749 )di]
437 2713 602 2740 huiusmodi
616 2722 651 2739 ex
665 2714 694 2739 P.
711 2730 742 2732 ἡ
760 2715 766 2728 ¹
781 2712 888 2748 poterit
902 2713 958 2738 PV.
974 2729 1005 2731 —
1021 2713 1031 2727 ⁵
1043 2712 1194 2747 praedicta
1208 2713 1237 2738 P.

1859 1982 1923 2008 cod.
1936 1982 1957 2008 P

1829 2017 1878 2043 fol.
1895 2019 1941 2044 140
1951 2018 1992 2043 Vb
