2493 3458
769 391 918 417 PRIMUM
949 391 1243 424 QUODLIBETUM,
1270 392 1305 425 Q.
1330 392 1382 417 XX
1775 395 1808 419 43

905 643 1142 683 QUAESTIO
1171 645 1243 675 xx.

539 756 680 793 Utrum
710 755 836 791 alicui
864 755 1063 791 accidenti
1091 756 1300 792 conveniat
1322 760 1397 804 per
1427 760 1614 793 naturam

789 822 929 857 habere
958 835 1039 857 esse
1067 822 1152 858 sine
1181 823 1362 858 subiecto.

431 999 557 1030 Postea
575 998 667 1030 circa
684 1004 839 1029 naturam
866 998 1116 1030 accidentalem
1142 1001 1371 1040 quaerebatur
1388 1011 1504 1039 unum,
1523 1000 1682 1032 videlicet
1699 1006 1811 1032 utrum

342 1056 441 1088 alicui
476 1055 647 1087 accidenti
680 1055 864 1087 conveniat
900 1067 960 1097 per
996 1061 1151 1087 naturam
1188 1057 1317 1088 habere
1350 1068 1427 1088 esse
1460 1057 1535 1089 sine
1569 1057 1735 1098 subiecto.
1769 1058 1812 1089 Et

342 1114 551 1156 arguebatur
568 1113 662 1154 quod
679 1113 818 1154 aliquod
837 1113 1000 1145 accidens
1019 1124 1080 1155 per
1097 1119 1253 1145 naturam
1272 1114 1382 1155 possit
1400 1125 1476 1146 esse
1494 1116 1624 1156 absque
1643 1115 1811 1154 subiecto,

342 1172 421 1213 quia
448 1171 565 1202 relatio
595 1170 694 1202 realis
724 1171 757 1201 in
790 1171 955 1202 creaturis
974 1177 1025 1203 est
1054 1182 1133 1203 vere
1163 1171 1336 1203 accidens.
1366 1172 1436 1204 Sed
1462 1173 1517 1203 illa
1543 1178 1593 1204 est
1619 1173 1694 1205 sine
1719 1173 1812 1205 omni

342 1229 510 1267 subiecto,
545 1228 624 1269 quia
661 1239 731 1260 nou
764 1234 879 1269 potest
910 1240 980 1260 esse
1014 1234 1048 1260 ut
1080 1229 1142 1260 in¹
1181 1229 1338 1261 subiecto
1376 1229 1410 1260 in
1448 1240 1489 1261 eo
1528 1231 1621 1271 quod
1658 1231 1811 1269 refertur,

341 1286 420 1328 quia
452 1286 616 1317 accidens
648 1287 738 1317 reale
772 1286 924 1317 existens
956 1286 990 1317 in
1018 1286 1133 1327 aliquo
1166 1293 1202 1317 ut
1235 1287 1268 1318 iu
1301 1287 1459 1319 subiecto
1493 1288 1781 1329 compositionem
1802 1288 1812 1304 ²

342 1345 467 1376 realem
485 1343 565 1375 facit
584 1354 661 1375 cum
680 1344 747 1375 illo.
762 1344 831 1375 Sed
848 1343 978 1386 lignum
996 1354 1066 1375 non
1085 1350 1136 1375 est
1154 1344 1380 1386 compositius
1398 1356 1438 1376 ex
1456 1356 1498 1377 eo
1515 1346 1608 1386 quod
1626 1351 1679 1377 est
1696 1346 1810 1377 album

342 1407 375 1433 et
399 1401 518 1439 simile,
544 1412 647 1442 quam
672 1412 713 1432 ex
738 1412 780 1432 eo
807 1402 899 1442 quod
925 1407 977 1433 est
996 1402 1110 1433 album
1137 1402 1257 1433 solum.
1284 1402 1401 1443 Quare
1418 1414 1494 1434 cnm
1519 1403 1705 1435 similitudo
1733 1414 1811 1435 cum

343 1460 421 1490 albo
447 1459 574 1490 nullam
600 1459 680 1490 facit
705 1459 993 1500 compositionem
1012 1459 1023 1475 ³
1046 1470 1118 1490 non
1140 1465 1255 1501 potest
1280 1471 1356 1491 esse
1382 1460 1415 1491 in
1442 1461 1498 1492 illo
1524 1466 1560 1492 ut
1584 1460 1618 1492 in
1643 1461 1811 1498 subiecto,

343 1527 408 1548 nec
426 1516 459 1547 in
485 1527 526 1547 eo
545 1517 588 1547 ad
611 1517 703 1557 quod
723 1517 876 1554 refertur,
894 1517 972 1557 quia
992 1517 1072 1548 illud
1091 1518 1185 1558 quod
1205 1523 1257 1548 est
1274 1518 1439 1549 terminus
1460 1524 1620 1559 respectu
1637 1518 1811 1550 relationis

342 1585 413 1606 non
432 1579 547 1615 potest
565 1585 643 1605 esse
661 1574 855 1605 subiectum
874 1574 1040 1606 eiusdem.
1060 1575 1177 1615 Quare
1195 1581 1228 1606 et
1246 1581 1370 1607 cetera.

432 1632 572 1663 Contra.
599 1632 904 1672 Quandocumque
929 1632 1057 1672 aliquid
1083 1632 1246 1664 convenit
1271 1633 1371 1664 alicui
1397 1645 1458 1675 per
1482 1640 1648 1674 naturam,
1678 1641 1812 1667 contra·

343 1689 427 1720 rium
446 1700 517 1720 non
534 1695 650 1730 potest
667 1689 697 1720 ei
723 1695 921 1730 competere
947 1700 1008 1731 per
1032 1695 1198 1721 naturam.
1219 1690 1289 1722 Sed
1308 1692 1410 1732 [cum]
1431 1692 1601 1723 accidenti
1618 1694 1811 1725 secundum

343 1747 435 1788 quod
453 1746 617 1778 accidens
643 1758 704 1788 per
722 1752 879 1778 naturam
897 1747 1061 1779 convenit
1087 1758 1163 1779 esse
1189 1748 1222 1779 in
1248 1748 1415 1787 subiecto,
1435 1760 1476 1780 eo
1502 1750 1595 1790 quod
1618 1752 1811 1782 secundum

343 1804 592 1846 Philosophum
612 1806 657 1841 (1)
684 1804 873 1836 accidentis
899 1815 976 1836 esse
1002 1810 1053 1836 est
1079 1805 1202 1837 inesse.
1229 1806 1346 1846 Quare
1372 1813 1404 1838 et
1429 1812 1552 1839 cetera.

432 1863 643 1904 Respondeo
674 1862 859 1894 dicendum
886 1863 990 1903 quod,
1017 1873 1094 1893 cum
1121 1873 1182 1894 ens
1208 1863 1317 1904 primo
1343 1870 1375 1895 et
1403 1876 1463 1906 per
1489 1876 1526 1896 se
1555 1865 1725 1897 dividatur
1744 1866 1753 1882 ⁴
1779 1866 1812 1898 in

343 1931 405 1951 ens
434 1920 627 1951 secundum
656 1919 823 1951 rationem
853 1920 992 1951 essendi
1022 1921 1214 1951 absolutam
1235 1921 1246 1937 ⁵
1273 1921 1401 1953 dictum
1432 1928 1467 1953 ut
1492 1923 1694 1962 substantia,
1721 1929 1753 1956 et
1777 1924 1811 1955 in

343 1988 404 2009 ens
435 1978 629 2009 secundum
658 1977 825 2009 rationem
859 1977 999 2009 essendi
1024 1978 1067 2009 ad
1093 1978 1184 2009 aliud
1209 1979 1407 2010 attributum
1442 1986 1477 2011 ut
1510 1980 1684 2020 accidens,
1718 1982 1810 2023 quod

343 2040 394 2067 est
430 2037 433 2076 Ι
470 2046 540 2066 non
569 2046 641 2074 ens,
671 2035 737 2066 uisi
761 2035 840 2076 quia
869 2035 956 2066 entis
986 2036 1077 2076 quod
1104 2041 1155 2067 est
1179 2036 1371 2068 substantia
1398 2037 1590 2079 dispositio,
1618 2039 1810 2071 secundum

343 2092 592 2134 Philosophum
611 2095 656 2133 (2)
685 2093 833 2134 septimo
858 2093 1127 2134 Metaphysicae‚
1156 2093 1201 2124 ita
1230 2095 1323 2135 quod
1352 2095 1481 2127 habere
1509 2096 1684 2128 entitatem
1713 2108 1810 2139 sepa-

342 2156 449 2181 ratam
479 2156 512 2181 et
537 2150 704 2182 rationem
738 2150 877 2182 essendi
910 2161 980 2181 non
1013 2150 1047 2181 in
1084 2151 1241 2183 subiecto
1279 2158 1329 2183 est
1365 2153 1493 2184 habere
1529 2153 1697 2185 rationem
1733 2156 1811 2186 sub-

342 2207 498 2246 stantiae,
517 2207 597 2239 hinc
615 2213 666 2239 est
686 2207 696 2223 ‘³
725 2208 818 2249 quod
844 2219 975 2249 ponere
1002 2208 1141 2249 aliquod
1169 2219 1231 2240 ens
1253 2209 1388 2241 realiter
1405 2210 1479 2242 sine
1497 2211 1635 2252 propria
1659 2212 1812 2244 realitate

343 2266 386 2296 ab
414 2265 480 2297 alio
511 2265 707 2297 distinctum
736 2270 769 2297 et
797 2276 867 2297 non
896 2265 930 2296 in
960 2265 1026 2297 alio
1056 2266 1206 2298 existens
1236 2268 1429 2299 secundum
1458 2274 1613 2300 naturam
1639 2280 1736 2300 suam
1762 2275 1814 2301 est

435 2434 440 2448 ¹
465 2437 495 2459 ut
514 2433 552 2467 in]
573 2433 613 2459 uti
634 2433 664 2465 P,
684 2437 714 2458 ut
734 2433 762 2458 in
782 2433 915 2459 subiecto
934 2434 1036 2468 scrips.
1058 2443 1155 2469 marg.
1180 2435 1210 2460 P.
1231 2451 1263 2453 —
1284 2435 1293 2450 2
1315 2436 1515 2470 operationem
1541 2437 1570 2462 P.
1591 2453 1623 2455 —
1643 2438 1653 2452 ³
1673 2446 1738 2464 cum
1763 2437 1812 2464 illo

345 2493 377 2496 —
398 2477 651 2511 compositionem]
673 2476 873 2511 operationem
894 2478 924 2503 P.
939 2493 971 2496 —
993 2479 1000 2492 ¹
1015 2477 1153 2503 dividitur
1173 2479 1202 2504 P.
1225 2495 1255 2497 —
1278 2480 1287 2493 5
1307 2479 1471 2505 absolutum
1492 2480 1521 2505 P.
1536 2496 1568 2499 —
1589 2481 1599 2495 θ
1613 2489 1664 2506 ens
1683 2481 1713 2507 P.

433 2596 471 2627 (l)
494 2594 538 2621 Cf.
559 2595 771 2621 Aristotelis
793 2595 1017 2630 Metaplzysicae,
1038 2596 1053 2622 l.
1075 2597 1122 2629 IV,
1143 2606 1166 2623 c.
1187 2599 1240 2628 302
1261 2597 1277 2623 l.
1298 2598 1345 2629 Vl,
1366 2607 1389 2623 e.
1406 2599 1418 2624 1
1434 2602 1463 2624 et
1475 2600 1500 2624 4.
1521 2615 1553 2617 —
1573 2602 1611 2631 (2)
1632 2599 1714 2632 Ibid..
1734 2600 1750 2626 l.
1765 2601 1813 2633 VI,

345 2647 369 2664 c.
391 2640 403 2664 1
426 2639 494 2671 (vol.
515 2639 550 2671 II,
570 2648 597 2673 p.
619 2640 706 2671 1028).
726 2641 762 2666 Τὰ
784 2640 875 2666 Mna
897 2640 1000 2676 λέγεται
1021 2639 1083 2667 ὄντα
1104 2645 1142 2676 τῷ
1160 2645 1206 2668 τοῦ
1225 2642 1309 2672 οὕτως
1328 2641 1401 2673 ὄντος
1419 2645 1451 2670 τὰ
1471 2644 1516 2678 μὲν
1534 2644 1684 2679 ποσότητας
1697 2646 1767 2677 εἶναι,
1782 2647 1813 2673 τὰ

345 2680 372 2707 δὲ
390 2680 542 2713 ποιότητας,
564 2682 595 2707 τὰ
613 2681 640 2707 δὲ
660 2681 739 2714 πάθη,
758 2682 789 2707 τὰ
808 2682 835 2707 δὲ
852 2681 917 2708 ἄλλο
934 2692 958 2708 τι
975 2685 1101 2710 τοιοῦτον.

1865 2039 1929 2064 cod.
1941 2039 1973 2064 V.

1839 2073 1888 2100 fol.
1899 2076 1951 2100 256
1961 2075 2002 2100 Vb
