2493 3458
716 462 910 496 QUARTUM
940 463 1237 496 QUODLlBETUM,
1266 463 1302 497 Q
1328 463 1408 489 xvn
1747 466 1798 489 343

328 554 425 576 autem
445 550 628 585 parochiales
648 549 696 585 qui
725 550 793 576 nihil
814 554 936 585 possunt
964 551 1098 583 retinere,
1118 551 1215 577 dando
1236 551 1383 577 licentiam
1412 552 1576 578 concedunt
1597 552 1638 578 eis
1659 556 1797 587 quantum

328 602 460 633 possunt.

416 647 458 672 Ex
478 647 564 673 dictis
583 651 681 682 potest
701 651 801 682 patere
822 647 859 673 ad
879 647 1003 674 obiecta.

853 850 1116 884 QUAESTIO
1148 850 1257 876 XVII

983 932 1144 959 mmmm).

402 1025 510 1051 Utrum
531 1034 636 1051 vovens
655 1025 784 1051 absolute
803 1026 972 1060 ingressum
993 1026 1148 1061 relzgz'onis
1167 1028 1196 1052 et
1214 1026 1333 1052 intrans
1353 1035 1418 1052 cum
1435 1027 1587 1062 proposito
1606 1028 1734 1054 exeundi

689 1073 863 1108 satisfaciat
882 1074 924 1100 sic
943 1075 1021 1109 quod
1038 1075 1077 1101 sit
1097 1075 1237 1101 liberatus
1258 1084 1276 1100 a
1296 1077 1362 1101 voto
1376 1077 1423 1107 (1).

414 1206 522 1232 Postea
554 1207 769 1241 quaerebantur
801 1208 959 1241 quattuor¹
1000 1211 1138 1242 quantum
1172 1207 1209 1233 ad
1240 1207 1451 1243 obligationem
1485 1209 1544 1234 voti
1582 1209 1796 1244 religiosorum.

326 1254 453 1280 Primum
483 1259 545 1281 erat
570 1259 664 1281 utrum
692 1264 803 1281 vovens
829 1256 963 1282 absolute
989 1256 1151 1291 ingressum
1177 1256 1327 1291 religionis
1354 1261 1383 1283 et
1412 1257 1521 1283 intrans
1547 1266 1612 1284 cum
1646 1258 1799 1293 proposito

326 1303 451 1329 exeundi
476 1303 639 1329 satisfaciat
659 1303 701 1330 sic
728 1304 806 1338 quod
835 1304 872 1330 sit
904 1304 1043 1330 liberatus
1069 1314 1085 1330 a
1111 1309 1190 1331 voto.
1216 1305 1384 1331 Secundum
1414 1310 1476 1332 erat
1501 1310 1595 1332 utrum
1622 1307 1650 1333 in
1676 1307 1797 1333 solemni

326 1356 396 1378 voto
417 1352 613 1378 continentiae
637 1352 730 1387 possit
750 1352 790 1379 sic
812 1352 975 1387 dispensari
1002 1353 1079 1388 quod
1106 1353 1254 1388 obligatus
1279 1354 1329 1380 tali
1355 1359 1425 1380 voto
1452 1355 1544 1389 possit
1569 1364 1621 1390 per
1647 1355 1798 1390 dispensa-

326 1400 434 1426 tionem
467 1401 638 1427 contrahere
667 1401 890 1427 matrimonium.
920 1401 1050 1428 Tertium
1076 1406 1120 1428 est
1148 1406 1243 1428 utrum
1275 1403 1430 1437 religiosus
1463 1404 1510 1437 qui
1543 1405 1625 1430 vovit
1656 1405 1797 1431 oboedire

326 1449 457 1484 praelato
495 1454 628 1475 teneatur
660 1454 761 1476 contra
798 1455 988 1485 praeceptum
1021 1451 1143 1485 praelati
1176 1451 1255 1477 exire
1293 1452 1449 1478 claustrum
1492 1452 1528 1478 ad
1566 1453 1797 1479 subveniendum

326 1498 495 1524 necessitati
527 1502 687 1533 parentum.
721 1499 863 1532 Quartum
896 1500 981 1524 erat⁴²
1013 1504 1106 1525 utrum
1140 1499 1294 1534 religiosus
1326 1504 1459 1526 teneatur
1490 1501 1621 1527 revelare
1653 1507 1799 1528 secretum

327 1546 512 1573 commissum
545 1547 613 1573 fidei
645 1556 715 1573 suae
738 1548 784 1573 vel
808 1552 961 1582 peccatum
982 1549 1127 1574 occultum
1157 1549 1282 1583 proximi
1311 1549 1442 1584 praelato
1472 1550 1559 1576 talem
1589 1550 1798 1577 revelationem

327 1595 529 1630 praecipienti.

414 1644 461 1670 Ad
481 1645 604 1679 primum
631 1645 671 1670 sic
698 1645 875 1679 proceditur,
902 1650 930 1671 et
951 1645 1080 1679 arguitur
1100 1646 1179 1680 quod
1199 1646 1264 1672 talis
1291 1656 1347 1672 non
1375 1647 1513 1673 liberatur
1534 1657 1549 1673 a
1570 1653 1638 1674 voto
1663 1649 1730 1683 quia
1750 1649 1797 1674 ille

327 1693 374 1727 qui
398 1692 538 1719 diminute
561 1693 631 1719 facit
657 1693 735 1727 quod
756 1693 898 1728 promisit,
921 1703 978 1720 non
1002 1694 1141 1720 liberatur
1164 1703 1179 1720 a
1203 1695 1356 1729 promisso.
1377 1696 1435 1722 Sed
1458 1696 1523 1722 talis
1538 1697 1548 1711 ³
1567 1701 1611 1723 est
1631 1697 1796 1723 huiusmodi

326 1741 393 1776 quia
429 1741 545 1776 quando
579 1742 659 1768 vovit
697 1742 858 1776 ingressum
892 1742 1041 1777 religionis
1079 1744 1263 1778 proponebat
1301 1744 1435 1778 experiri,
1473 1745 1602 1779 alioquin
1640 1745 1797 1772 indiscrete

326 1790 465 1816 vovisset.
486 1791 563 1825 Ergo
584 1795 612 1816 et
633 1795 739 1817 cetera.
1105 1821 1107 1823 Ι

415 1839 532 1865 Contra.
553 1839 618 1865 Non
639 1840 721 1865 vovit
741 1839 795 1865 nisi
816 1840 987 1874 ingressum.
1008 1840 1067 1866 Sed
1088 1841 1249 1875 ingressum
1266 1844 1274 1856 ⁴
1295 1842 1390 1868 solvit.
1412 1843 1488 1877 Ergo
1509 1848 1537 1868 et
1558 1847 1664 1869 cetera.

415 1888 600 1922 Respondeo.
632 1888 678 1913 Ad
717 1888 893 1914 evidentiam
932 1889 1015 1914 huius
1054 1890 1232 1923 quaestionis
1271 1891 1364 1925 primo
1396 1891 1546 1917 sciendum
1585 1892 1664 1926 quod
1702 1892 1799 1919 differt

325 1936 448 1971 simplex
468 1937 649 1971 propositum
671 1942 698 1962 et
729 1941 836 1963 votum.
858 1938 931 1963 Nam
961 1937 1084 1972 simplex
1114 1938 1296 1973 propositum
1327 1939 1363 1965 de
1388 1940 1485 1974 aliquo
1514 1940 1650 1966 faciendo
1680 1942 1797 1975 quando

325 1984 437 2011 scilicet
457 1985 561 2019 aliquis
577 1986 586 2000 ³¹
614 1985 737 2011 intendit
758 1985 854 2011 facere
876 1986 985 2020 aliquid
1006 1987 1148 2019 absolute,
1171 1996 1228 2013 non
1255 1988 1367 2022 obligat
1392 1989 1537 2015 hominem
1564 1989 1600 2015 ad
1630 1989 1796 2016 faciendum

325 2033 404 2059 illud.
438 2035 528 2059 Immo
562 2034 736 2060 auctoritate
762 2035 879 2069 propria
909 2039 1006 2069 potest
1039 2035 1107 2061 illud
1134 2040 1244 2061 mutare
1274 2041 1359 2071 prout
1392 2037 1488 2071 placet
1525 2037 1579 2063 sibi
1606 2047 1659 2064 nec
1692 2044 1797 2073 peccat

324 2082 464 2108 mutando
494 2082 568 2108 sicut
597 2087 795 2117 transgressor
821 2084 941 2109 alicuius
971 2084 1159 2118 obligationis
1187 2085 1255 2110 licet
1287 2085 1380 2120 possit
1411 2095 1536 2119 peccare
1562 2087 1653 2119 aliter,
1685 2088 1799 2114 scilicet

325 2130 349 2157 si
379 2131 436 2157 hoe
467 2135 559 2157 mutat
597 2140 632 2157 ex
665 2140 752 2157 causa
785 2132 893 2158 illicita.
931 2133 1038 2158 Votum
1076 2137 1173 2159 autem
1212 2133 1292 2159 addit
1330 2143 1416 2169 supra
1455 2135 1577 2169 simplex
1615 2136 1797 2170 propositum

324 2180 548 2214 promissionem
578 2188 634 2214 qua
664 2181 750 2206 homo
781 2189 811 2206 se
839 2181 950 2215 obligat
970 2181 1034 2207 Deo
1064 2181 1092 2207 in
1121 2181 1165 2207 his
1194 2191 1268 2216 quae
1297 2187 1363 2208 sunt
1384 2183 1438 2209 Dei
1459 2183 1495 2209 ad
1525 2183 1690 2210 faciendum
1719 2185 1797 2219 quod

324 2228 487 2262 proposuit,
516 2232 545 2254 et
570 2233 637 2263 post
666 2229 752 2254 talem
782 2229 992 2263 obligationem
1019 2239 1076 2255 non
1108 2234 1206 2265 potest
1238 2231 1307 2257 illud
1339 2231 1456 2266 propria
1486 2233 1659 2259 auctoritate
1685 2237 1797 2259 mutare

325 2277 387 2302 sine
419 2281 552 2312 peccato.
585 2277 711 2311 Quando
744 2286 815 2314 ergo
848 2278 996 2312 quaeritur
1026 2282 1120 2304 utrum
1153 2279 1286 2305 absolute
1307 2280 1438 2314 aliquis‘3
1468 2288 1585 2307 vovens·
1609 2281 1772 2316 ingressum
1790 2283 1797 2296 ³

324 2325 465 2351 liberatur
497 2334 512 2351 a
545 2330 615 2352 voto
647 2325 781 2352 intrando
814 2335 879 2352 cum
905 2326 1059 2361 proposito
1091 2327 1225 2360 exeundi,
1245 2328 1401 2354 dicendum
1430 2329 1508 2363 quod
1529 2330 1579 2361 sic,
1599 2339 1653 2356 nec
1683 2335 1798 2356 tenetur

324 2374 379 2400 nisi
400 2374 437 2400 ad
462 2374 634 2409 ingressum.
655 2375 740 2401 Unde
759 2383 818 2400 non
836 2379 952 2401 tenetur
981 2375 1018 2401 ad
1047 2375 1173 2410 aliquam
1202 2376 1411 2411 experientiam
1432 2378 1506 2403 sicut
1535 2387 1588 2404 nec
1619 2379 1656 2404 ad
1684 2379 1797 2413 profes-

323 2422 444 2456 sionem,
473 2432 526 2449 nec
552 2423 664 2449 ratione
694 2423 754 2449 voti
783 2427 897 2449 tenetur
925 2428 1003 2450 stare
1038 2423 1102 2450 ibi⁸
1129 2424 1167 2450 ad
1195 2425 1305 2451 horam.
1335 2426 1394 2452 Sed
1423 2426 1447 2451 si
1476 2427 1646 2453 scandalum
1676 2426 1797 2454 deberet

415 2557 420 2570 ¹
438 2557 654 2590 quaerebantur
674 2558 818 2591 quattuor]
841 2558 1035 2591 quaerebatur
1055 2562 1187 2592 quartum
1210 2558 1241 2585 C.
1262 2575 1294 2577 ——
1323 2560 1332 2573 ²
1347 2564 1391 2585 est
1412 2560 1443 2585 C.
1464 2576 1496 2578 —
1517 2561 1527 2575 ³
1541 2560 1707 2595 ingrediens
1727 2562 1795 2588 add.

325 2599 357 2626 C.
378 2615 410 2618 —
431 2601 440 2614 ⁴¹
455 2600 507 2625 sed
528 2600 700 2634 ingressum]
719 2609 773 2626 om.
795 2600 826 2626 C.
848 2617 879 2619 —
901 2602 910 2615 ⁵
925 2601 1035 2635 aliquid
1056 2602 1088 2627 C.
1109 2618 1140 2620 —
1167 2603 1176 2616 ⁰
1190 2603 1323 2629 absolute
1345 2603 1458 2638 aliquis]
1480 2605 1583 2639 aliquis
1604 2605 1736 2632 absolute
1765 2606 1795 2633 C.

325 2659 356 2661 —
380 2644 388 2658 ⁷
402 2643 551 2677 religionis
572 2644 639 2669 add.
661 2643 693 2669 C.
714 2659 745 2662 ἱ
768 2644 777 2658 ⁸
791 2648 867 2670 stare
888 2644 937 2678 ibi]
959 2644 997 2670 ibi
1018 2649 1094 2671 stare
1116 2645 1148 2671 C.

414 2747 452 2777 (1)
474 2744 532 2771 Cfr.
553 2754 601 2780 pp.
622 2747 748 2772 280-287.
