2493 3458
737 394 930 428 QUARTUM
962 395 1258 428 Qi'ODfflssETUM,
1288 396 1322 429 Q.
1354 396 1379 421 n
1738 400 1788 423 323

319 488 362 509 est
388 487 482 508 utrum
503 482 531 508 in
557 483 696 517 gradibus
722 482 927 508 essentialibus
954 488 1149 509 creaturarum
1176 484 1350 509 habentibus
1383 485 1566 510 essentialem
1595 486 1726 511 ordinem
1753 486 1789 512 sit

320 531 468 565 possibilis
482 539 638 565 processus
658 530 685 555 in
707 530 856 556 infinitum.

408 578 455 603 Ad
469 578 591 612 primum
615 578 654 603 sic
676 578 852 612 proceditur,
873 583 900 603 et
921 578 1051 611 arguitur
1071 579 1149 612 quod
1170 588 1278 612 ponere
1294 584 1442 605 creaturus
1463 581 1498 605 ab
1516 584 1634 605 aeterno
1650 586 1788 615 quantum

319 626 355 651 ad
382 635 446 651 esse
472 626 549 659 quod
579 626 686 651 liabent
715 625 742 651 in
769 634 885 658 genere,
912 631 955 651 cst
983 634 1091 659 ponere
1122 626 1258 652 mundum
1286 627 1321 652 ab
1349 632 1476 652 aeterno.
1504 628 1580 661 Quia
1607 637 1715 662 ponere
1742 638 1788 655 res

318 674 477 700 secundum
507 682 572 699 esse
604 673 681 707 quod
714 674 822 698 liabent
849 674 876 698 in
903 683 934 699 se
966 673 1037 707 ipsis
1064 682 1128 699 esse
1158 675 1193 699 al)
1225 679 1352 705 aeterno,
1380 679 1423 700 est
1452 684 1560 709 ponere
1588 676 1724 701 mundum
1752 678 1788 702 ab

318 726 445 747 aeterno.
471 721 530 747 Sed
556 729 620 746 esse
646 720 723 755 quod
750 729 796 746 res
822 721 929 746 liabent
956 721 983 746 in
1011 730 1118 755 genere
1146 722 1212 747 est¹
1245 730 1309 747 esse
1340 722 1417 756 quod
1444 723 1552 748 hubent
1585 724 1612 748 in
1644 732 1676 749 se
1709 724 1788 758 ipsis.

317 770 394 803 Ergo
415 774 442 794 et
463 774 568 795 cetera.
590 785 621 787 —
643 768 734 793 Maior
754 768 943 802 suppoiiitur;
965 768 1056 793 minor
1076 769 1216 803 probatur
1230 769 1247 794 2³.
1270 769 1346 802 Quia
1372 779 1418 795 res
1439 779 1495 795 non
1520 771 1650 804 habcfflt
1670 780 1734 797 esse
1761 772 1788 797 in

319 825 426 851 genere
453 816 612 842 secundum
640 816 718 850 quod
742 817 829 841 habet
855 826 919 841 esse
936 816 945 829 ²
966 816 993 841 in
1014 820 1110 841 mente
1137 816 1235 841 divina
1262 817 1328 850 quia
1354 817 1395 842 sic
1422 822 1465 842 est
1491 817 1633 843 illimitata
1657 824 1685 844 et
1708 824 1789 845 extra

318 873 418 899 genus.
444 872 497 889 nee
524 863 683 889 secundum
710 872 774 889 esse
803 863 880 897 quod
901 864 988 888 habet
1015 863 1041 888 in
1069 863 1218 889 intellectu
1245 869 1343 889 creato
1371 864 1438 898 quia
1464 865 1518 890 hoc
1545 870 1589 891 est
1617 866 1788 892 diminutum

318 914 394 937 nec¹
416 916 460 937 est
487 912 514 937 in
540 920 655 945 genere7
683 920 736 936 nec
763 911 922 936 secundum
949 920 1014 936 esse
1038 911 1116 945 qnod
1143 912 1230 937 habet
1247 912 1256 926 ⁵
1281 911 1308 937 in
1336 912 1394 937 suis
1418 912 1568 947 principiis
1589 914 1655 947 quia
1676 915 1729 940 hoc
1746 919 1790 940 est

317 968 382 985 esse
406 959 433 985 in
459 958 589 993 potentia
616 963 644 984 et
670 959 829 984 secundum
855 959 932 993 quid.
961 959 1143 993 Relinquitur
1166 968 1236 993 ergo
1261 959 1339 994 quod
1362 964 1428 985 sunt
1451 960 1478 985 in
1501 969 1608 995 genere
1629 962 1789 988 secundum

318 1015 384 1033 esse
405 1006 483 1041 quod
503 1007 611 1032 habent
631 1006 659 1032 in
679 1015 710 1032 se
731 1006 810 1041 ipsis.
832 1007 867 1032 Et
887 1007 928 1032 sic
950 1010 1031 1040 patet
1051 1006 1152 1032 minor.

406 1054 523 1080 Contra.
544 1054 682 1079 Mundum
713 1053 802 1079 fuisse
831 1054 866 1079 ab
888 1058 1007 1079 aeterno
1035 1058 1078 1079 est
1105 1054 1340 1081 condemnatum.
1367 1055 1432 1080 Non
1459 1060 1554 1081 autem
1582 1060 1626 1082 est
1654 1057 1802 1083 condem-'

316 1102 437 1128 natum¹¹
462 1101 623 1127 resfuisse
649 1102 684 1127 ab
712 1106 830 1127 aeterno
852 1105 989 1135 quantum
1020 1101 1056 1126 ad
1083 1110 1148 1127 esse
1175 1102 1254 1136 quod
1270 1102 1377 1128 habent
1403 1103 1431 1128 in
1457 1112 1575 1135 genere,
1604 1113 1668 1129 cum
1701 1105 1790 1139 aliqui

317 1149 451 1175 catholici
472 1153 590 1175 teneant
607 1149 622 1174 7.
644 1149 719 1183 Ergo
740 1158 827 1174 unum
848 1149 968 1174 istorum
989 1158 1047 1174 non
1068 1154 1113 1175 est
1128 1151 1137 1163 ὃ
1157 1149 1233 1175 idem
1255 1150 1333 1184 quod
1354 1150 1441 1176 aliud.

406 1197 591 1231 Respondeo.
621 1197 667 1222 Ad
695 1196 873 1222 evidentiam
902 1196 984 1222 istius
1014 1197 1194 1231 quaestionis
1220 1198 1371 1223 sciendum
1400 1198 1493 1232 primo
1524 1199 1602 1232 quod
1630 1199 1698 1225 licet
1725 1209 1789 1226 esse

316 1245 467 1279 complexe
483 1245 592 1270 dictum
604 1245 613 1258 ¹¹
628 1244 697 1270 dicit
717 1244 869 1270 veritatem
884 1244 1094 1279 propositionis
1109 1245 1184 1270 sicut
1199 1245 1386 1279 praedicante
1394 1250 1469 1271 1tum
1486 1248 1503 1260 ¹¹¹
1518 1247 1553 1272 de
1569 1247 1721 1273 accidente
1736 1257 1789 1274 nec

317 1293 353 1318 sit
372 1293 400 1318 in
420 1292 668 1327 praedicamento,
683 1297 779 1317 tamen
801 1302 865 1317 esse
886 1292 963 1326 quod
984 1292 1054 1318 dicit
1075 1297 1170 1318 actum
1191 1293 1335 1318 existendi
1356 1302 1416 1319 rem
1438 1299 1467 1319 et
1488 1294 1594 1320 dicitur
1607 1294 1790 1330 incomplexe

317 1340 392 1366 sicut
421 1345 465 1365 est
494 1345 576 1365 actus
606 1340 749 1365 existendi
769 1340 953 1366 substantiae
983 1340 1029 1365 vel
1051 1340 1222 1375 quantitatis
1244 1346 1272 1366 et
1295 1341 1336 1366 sic
1357 1341 1393 1367 de
1413 1341 1486 1374 aliiS,
1510 1346 1554 1368 est
1575 1342 1651 1368 idem
1675 1352 1704 1369 re
1726 1352 1790 1369 cuin

317 1388 451 1420 essentia,
467 1388 541 1414 sicut
569 1388 641 1414 alias
665 1390 703 1420 tl)
725 1388 833 1413 dictum
861 1392 913 1419 est,
934 1393 963 1413 et
990 1392 1100 1413 tantum
1128 1393 1172 1414 est
1198 1397 1244 1414 res
1271 1389 1298 1414 in
1326 1389 1563 1423 praedicamento
1595 1396 1732 1424 quantum
1754 1391 1791 1417 ad

317 1445 402 1462 unum
424 1436 499 1462 sicut
526 1440 663 1470 quantum
691 1436 727 1461 ad
755 1436 885 1467 alterum,
914 1440 942 1461 et
969 1436 1034 1461 ideo
1062 1440 1172 1461 tantum
1200 1441 1244 1462 est
1271 1437 1365 1462 resin
1391 1437 1631 1471 praedicamento
1652 1443 1790 1472 quantum

317 1484 353 1509 ad
371 1486 388 1499 ¹¹
410 1493 475 1510 esse
496 1483 667 1509 existentiae
683 1483 757 1509 sicut
772 1488 815 1508 est
831 1488 969 1517 quantum
992 1483 1028 1508 ad
1044 1492 1109 1509 esse
1123 1483 1278 1509 essentiae.
1295 1500 1327 1502 —
1351 1485 1487 1510 Secundo
1503 1486 1652 1511 sciendum
1672 1486 1691 1500 ¹2
1713 1486 1791 1520 quod

316 1541 362 1558 res
382 1532 470 1557 habet
493 1531 645 1566 tripliciter
662 1531 681 1545 ¹³
707 1540 781 1556 esse.
809 1531 873 1557 Uno
895 1531 982 1556 modo
1004 1531 1030 1556 in
1051 1532 1115 1556 sola
1135 1531 1265 1566 potentia
1287 1532 1341 1557 Dei
1368 1533 1516 1562 creatoris,
1543 1533 1618 1559 sicut
1644 1538 1725 1559 erant
1744 1543 1791 1560 res

317 1579 460 1605 creabiles
486 1584 640 1613 antequam
671 1582 855 1607 crearentur:
885 1578 941 1604 alio
963 1578 1050 1604 modo
1080 1578 1108 1604 in
1138 1579 1269 1613 potentia
1296 1580 1461 1614 propinqua
1493 1584 1551 1606 tani
1581 1581 1790 1615 principiorum

316 1627 537 1653 intrinsecorum
558 1635 643 1661 quam
671 1626 899 1652 extrinsecorum
926 1631 1089 1652 creatorum
1108 1628 1134 1659 ¹⁴,
1166 1627 1241 1652 sicut
1267 1636 1332 1652 rosa
1363 1632 1517 1662 antequam
1539 1629 1625 1654 sitin
1654 1633 1720 1655 actu
1747 1634 1790 1655 est

315 1674 343 1700 in
364 1675 495 1709 potentia
516 1674 655 1700 materiae
676 1678 704 1700 et
725 1674 752 1699 in
772 1673 903 1708 potentia
925 1674 1039 1708 agentis
1063 1674 1152 1700 creati
1176 1675 1318 1709 proximi3
1341 1675 1426 1701 tertio
1447 1676 1533 1701 modo
1555 1680 1620 1702 sunt
1640 1685 1686 1702 res
1710 1677 1737 1702 in
1758 1686 1789 1703 se

314 1722 385 1757 ipsis
405 1722 433 1748 in
454 1722 614 1754 actu‚sicut
635 1721 751 1756 quando
772 1730 838 1747 rosa
859 1722 904 1747 vel
920 1721 1029 1756 aliquid
1050 1722 1129 1748 aliud
1144 1726 1188 1748 est
1207 1722 1264 1748 iam
1282 1724 1301 1737 ¹⁵
1321 1727 1387 1749 actu
1408 1723 1435 1748 in
1456 1732 1550 1749 rerum
1570 1728 1673 1750 natura
1693 1724 1756 1750 sive
1771 1726 1790 1739 ¹¹¹

315 1770 343 1796 in
357 1770 475 1805 propria
489 1774 599 1795 natura.
614 1769 781 1795 Secundum
797 1778 867 1804 ergo
883 1770 945 1799 hoc.
956 1769 1030 1795 sicut
1044 1778 1090 1796 res
1104 1770 1192 1796 habet
1206 1778 1273 1796 esse
1295 1771 1298 1804 1
1322 1771 1527 1801 diversimode,
1538 1771 1577 1797 ita
1592 1771 1788 1798 diversimode

315 1822 359 1844 est
372 1817 401 1843 in
415 1826 523 1852 genere
538 1817 710 1851 accipiendo
725 1826 818 1852 genus
832 1826 889 1843 non
904 1826 956 1851 pro
971 1817 1131 1843 intentione
1146 1818 1274 1844 secunda
1287 1818 1338 1844 sed
1353 1827 1406 1853 pro
1421 1828 1450 1844 re
1465 1820 1612 1845 substrata
1627 1819 1788 1846 intentioni.

314 1866 387 1891 Esse
407 1866 483 1891 enim
504 1866 546 1891 sic
566 1865 595 1891 in
615 1874 723 1900 genere
743 1865 925 1890 substantiae
946 1865 1015 1890 nihil
1037 1865 1114 1891 aliud
1136 1869 1179 1891 est
1200 1874 1285 1900 quam
1306 1874 1371 1892 esse
1391 1867 1593 1893 substantiam.
1609 1883 1641 1885 —
1661 1868 1789 1894 Ulterius

313 1913 463 1939 sciendum
485 1913 564 1947 quod
583 1912 811 1947 unumquodque
839 1922 931 1947 genus
958 1912 1097 1938 dividitur
1122 1913 1149 1938 in
1177 1918 1272 1939 actum
1293 1918 1321 1939 et
1339 1915 1357 1928 '⁷
1382 1914 1552 1949 potentiam,
1573 1924 1647 1949 quae
1672 1915 1789 1949 quidem

314 1961 418 1987 divisio
445 1969 502 1987 non
529 1964 572 1986 est
600 1960 704 1986 divisio
731 1961 759 1986 in
785 1960 936 1986 materiam
963 1965 992 1986 et
1021 1960 1143 1986 formam
1173 1961 1227 1987 sed
1259 1961 1330 1987 dicit
1359 1961 1505 1988 diversum
1534 1963 1652 1988 modum
1673 1963 1788 1989 essendi

312 2008 442 2035 eiusdem
469 2008 519 2041 rei,
539 2008 614 2034 sicut
634 2008 756 2034 dicimus
777 2008 922 2034 hominem
943 2009 971 2034 in
1001 2013 1068 2034 actu
1100 2013 1128 2034 et
1154 2008 1301 2035 hominem
1333 2009 1361 2035 in
1388 2010 1529 2044 potentia,
1550 2010 1646 2036 album
1674 2011 1701 2036 in
1722 2015 1789 2037 actu

313 2060 341 2082 et
361 2057 458 2082 album
478 2056 507 2081 in
527 2056 667 2090 potentia⁷
694 2056 733 2081 ita
754 2056 832 2090 quod
853 2055 1005 2090 quodlibet
1026 2065 1126 2082 eorum
1156 2056 1226 2082 dicit
1256 2061 1348 2082 totum
1379 2057 1582 2092 compositum,
1603 2058 1655 2084 sed
1676 2059 1788 2084 ratione

312 2104 452 2130 materiae
478 2103 582 2129 dicitur
608 2112 673 2130 esse
693 2104 780 2130 homo
801 2104 848 2129 vel
875 2104 972 2130 album
993 2104 1021 2129 in
1048 2104 1188 2138 potentia,
1209 2105 1323 2130 ratione
1344 2109 1439 2131 autem
1459 2106 1477 2120 ¹⁸
1503 2105 1616 2132 formae
1637 2106 1742 2132 dicitur
1770 2107 1773 2139 Ι

312 2152 398 2177 homo
410 2151 457 2177 vel
477 2151 575 2177 album
595 2151 624 2177 in
638 2155 713 2178 actu.
728 2152 764 2177 Et
778 2152 845 2185 quia
865 2152 997 2186 potentia
1018 2152 1178 2186 praecipue
1197 2152 1316 2186 passiva
1336 2153 1424 2178 habet
1440 2152 1611 2179 diminutam
1627 2154 1788 2186 entitatem,

312 2199 379 2225 ideo
399 2207 446 2225 res
465 2203 551 2234 prout
571 2203 615 2225 est
636 2199 663 2224 in
683 2199 815 2234 potentia
840 2199 946 2225 dicitur
965 2199 1073 2225 habere
1097 2208 1162 2225 esse
1182 2200 1344 2226 secundum
1359 2200 1428 2235 quid
1446 2202 1482 2228 ²¹⁴:
1509 2201 1670 2227 secundum
1691 2205 1788 2227 autem

314 2246 392 2281 quod
412 2251 478 2273 sunt
499 2247 526 2272 in
547 2251 614 2273 actu
634 2246 769 2273 dicuntur
789 2255 853 2272 esse
874 2246 1053 2281 simpliciter.

404 2381 506 2406 ¹extia
526 2380 593 2406 add.
615 2380 647 2406 C.
668 2395 700 2398 —
722 2380 731 2394 ²
745 2379 838 2406 minor
861 2380 1012 2414 probatur]
1033 2384 1062 2406 et
1082 2381 1223 2415 probatur
1243 2380 1336 2407 minor
1357 2381 1390 2407 C.
1410 2397 1443 2400 —
1464 2382 1573 2408 ³habet
1594 2383 1668 2416 esse]
1690 2387 1734 2408 est
1755 2382 1788 2409 C.

313 2439 336 2442 —
360 2424 369 2438 ¹¹
384 2431 441 2449 non
456 2423 489 2450 C.
510 2439 541 2442 ᾔ
563 2424 573 2438 ⁵
587 2424 696 2449 habent
717 2423 772 2449 SC.
794 2439 826 2442 —
847 2424 857 2438 ⁰
870 2432 929 2449 non
943 2439 975 2442 —
991 2424 1228 2458 condemnatum]
1250 2433 1303 2450 om.
1320 2424 1351 2451 C.
1373 2440 1405 2443 —
1428 2426 1436 2440 ⁷
1449 2425 1505 2451 hoc
1519 2426 1587 2451 add.
1603 2426 1634 2452 C.
1655 2441 1688 2444 —
1710 2426 1719 2441 ⁸
1733 2435 1787 2452 om.

313 2466 373 2499 SC;
389 2467 456 2493 add.
471 2473 505 2492 212
520 2476 556 2493 m.
571 2467 600 2493 S.
614 2483 646 2486 —
662 2468 672 2481 ¹¹
686 2467 764 2501 quod
777 2467 845 2493 add.
861 2467 893 2493 C.
909 2483 940 2485 —
958 2468 977 2482 ¹¹³
991 2467 1201 2502 propositionis
1213 2483 1246 2486 —
1257 2468 1537 2502 praedicamentum]
1552 2469 1787 2503 propositionum

313 2510 349 2536 sit
368 2510 639 2545 praedicamentum
661 2510 692 2536 C.
714 2526 746 2529 —
769 2512 787 2526 ¹¹
802 2519 890 2536 unum
905 2526 937 2529 —
951 2511 1191 2545 praedicamento
1213 2515 1352 2546 quantum
1373 2513 1421 2545 ad]
1443 2521 1496 2537 om.
1518 2512 1550 2538 C.
1571 2528 1603 2531 ——
1627 2512 1646 2527 ¹⁴³
1660 2517 1704 2538 est
1717 2513 1786 2539 add.

313 2554 345 2580 C.
366 2570 399 2573 —
421 2555 441 2569 ¹³
455 2554 560 2589 triplex
581 2554 623 2587 C3
642 2558 779 2589 respectu
800 2555 830 2580 P.
851 2570 883 2573 —
906 2556 925 2569 ¹⁴
939 2554 1080 2580 creatoris
1101 2554 1133 2581 C.
1155 2570 1187 2573 —
1204 2556 1224 2569 ¹⁵
1240 2555 1267 2580 in
1287 2555 1355 2581 add.
1377 2555 1409 2581 C.
1430 2571 1463 2574 —
1486 2556 1505 2570 ¹²¹
1524 2555 1599 2582 sicut
1619 2556 1649 2582 P.
1670 2571 1702 2575 -
1725 2557 1745 2571 ¹⁷
1758 2556 1786 2582 in

312 2597 380 2623 add.
401 2597 433 2623 C.
453 2613 486 2616 —-
509 2598 529 2613 ¹³
543 2606 613 2624 vero
635 2598 667 2624 C.
688 2614 721 2616 —
743 2599 763 2613 ¹¹³
776 2606 841 2624 esse
856 2614 888 2617 ——
903 2598 982 2632 quid]
1003 2598 1163 2624 secundum
1185 2598 1254 2633 quid
1274 2607 1339 2624 esse
1361 2598 1392 2625 C.

403 2688 441 2719 (1)
463 2685 521 2712 Cfr.
543 2686 649 2721 Quodl.
671 2687 706 2719 11,
727 2695 752 2721 q.
773 2688 797 2712 2.

1830 1759 1910 1796 ⁴cod.
1927 1760 1946 1786 (γ

1823 1795 1872 1820 tol.
1886 1797 1919 1820 97
1934 1797 1975 1822 Vb

1844 2101 1908 2127 cod.
1925 2102 1945 2127 S

1823 2136 1872 2162 sol.
1886 2138 1920 2162 47
1935 2137 1976 2162 va
