2493 3458
542 1423 606 1450 cod.
617 1422 642 1448 V

507 1458 556 1485 fol.
571 1460 623 1485 ⁴2ss6
636 1458 677 1484 Vss

702 428 748 452 118
1061 426 1249 452 MAGIS'rRl
1280 426 1497 452 GODEFRHH
1529 426 1579 451 1)Ιί
1611 425 1806 452 FONTIBUS

698 516 776 547 laris
795 522 827 547 et
845 514 1026 547 distinctae
1047 515 1175 546 formae
1194 516 1348 547 habetet
1374 526 1442 546 una
1468 515 1663 547 immediate
1689 515 1821 558 perficit
1847 515 2020 547 materiam
2047 522 2080 547 et
2105 515 2171 547 alia

699 574 762 604 ista
780 573 952 604 mediante
967 573 982 604 ¹.
1010 573 1144 604 Frustra
1163 572 1252 604 enim
1280 572 1451 604 (liceretur
1469 573 1556 604 baec
1581 572 1765 614 dispositio
1784 574 1826 604 ad
1847 572 1967 615 ipsam,
1992 573 2055 604 nisi
2079 573 2172 615 prius

699 637 819 662 natura
845 630 1089 672 intelligeretur
1111 630 1272 661 materiae
1291 630 1372 662 (lare
1397 631 1571 671 quendam
1598 636 1712 662 actum
1731 637 1763 662 et
1781 631 1956 672 quoddam
1978 642 2056 662 esse
2073 637 2106 662 et
2123 631 2174 662 sie

699 688 793 730 prius
823 688 1020 729 intelligitur
1045 694 1080 719 ut
1106 688 1215 719 forma
1240 687 1412 720 materiae.
1441 707 1479 710 ff«
1509 689 1596 719 (jum
1623 687 1723 719 etiam
1755 694 1897 729 utraque
1922 688 2006 720 det²
2034 688 2174 730 aliquod

698 756 775 778 esse
795 751 937 778 naturae
963 746 1055 787 quod
1074 751 1125 777 est
1151 756 1228 777 esse
1246 745 1485 783 substantiale,
1506 751 1538 777 et
1564 756 1641 777 esse
1666 745 1892 777 substantiale
1917 751 1969 778 est
1993 756 2071 777 esse
2096 745 2174 777 sim-

698 803 840 845 pliciter,
859 804 1036 844 quomodo
1055 803 1188 835 (licetur
1213 803 1307 844 quod
1333 814 1401 835 non
1430 803 1512 834 (lent
1529 803 1626 844 plura
1647 813 1725 835 esse
1744 802 1947 835 existentiae
1965 802 2174 845 simpliciter,

698 861 769 892 sive
789 861 885 903 plura
911 872 988 892 esse
1013 860 1263 897 substantialia,
1282 867 1317 892 ut
1336 860 1487 892 faciant³¹
1505 861 1620 902 plures
1646 860 1858 892 substantias
1875 866 1909 892 et
1933 871 2039 892 unum
2062 861 2173 892 solum

699 929 759 960 per
777 918 940 950 accidens
959 918 1179 955 constituant,
1201 918 1289 950 sicut
1307 918 1408 950 etiam
1429 918 1545 959 plures
1564 918 1693 949 formae
1719 917 1953 950 accidentales
1976 918 2059 950 dant
2078 918 2175 960 plura

699 986 775 1007 esse
794 976 907 1017 qualia
932 976 983 1007 vel
1003 975 1225 1007 huiusmodi?
1244 975 1284 1007 Et
1302 975 1328 1007 si
1355 975 1456 1007 etiam
1481 976 1564 1007 <lent
1590 976 1687 1017 plura
1713 986 1791 1007 esse
1816 982 1970 1014 naturae,
1995 976 2175 1017 quomodo

698 1045 769 1065 non
794 1040 873 1065 sunt
899 1034 1012 1075 plures
1038 1033 1169 1065 formae
1195 1033 1403 1075 simpliciter,
1433 1044 1510 1064 cum
1540 1033 1622 1065 dare
1647 1043 1725 1065 esse
1753 1033 1953 1076 simpliciter
1977 1033 2020 1065 sit
2045 1033 2175 1065 formae

699 1091 899 1133 simpliciter
923 1097 956 1123 et
981 1102 1051 1123 non
1077 1091 1255 1122 habebunt
1279 1090 1447 1122 rationem
1475 1090 1576 1122 unius
1602 1091 1733 1122 formae
1751 1090 1783 1122 in
1810 1091 1927 1122 dando
1951 1091 2056 1123 esse?
2081 1090 2176 1132 Quo·

699 1150 804 1181 modo
836 1149 936 1181 etiam
966 1148 1061 1180 (labit
1090 1148 1263 1190 quaelibet
1291 1159 1368 1180 esse
1401 1148 1601 1190 simpliciter
1632 1148 1726 1190 quod
1760 1154 1811 1180 est
1839 1159 1918 1180 esse
1949 1149 2176 1181 substantiale

699 1213 742 1246 et,
768 1212 933 1248 quantum
959 1212 1012 1239 est
1037 1207 1079 1238 de
1108 1217 1156 1244 se,
1186 1217 1254 1237 non
1281 1206 1376 1238 (labit
1401 1217 1478 1238 esse
1504 1205 1759 1244 subsistentiae,
1789 1216 1866 1238 cum
1893 1205 2108 1239 substantiae
2133 1205 2176 1238 sit

698 1264 887 1296 subsistere
918 1264 1109 1296 secundum
1143 1264 1237 1305 quod
1267 1269 1318 1295 est
1351 1263 1384 1295 in
1413 1270 1492 1295 actu
1521 1274 1583 1305 per
1616 1263 1759 1295 formam
1793 1263 2052 1296 substantialem
2086 1274 2176 1306 quae

700 1322 824 1354 dicitur
848 1321 1095 1359 substantialis,
1121 1321 1199 1362 quia
1225 1321 1283 1352 dat
1301 1332 1379 1353 esse
1397 1321 1597 1363 simpliciter
1615 1321 1707 1363 quod
1734 1326 1787 1353 est
1811 1331 1889 1353 esse
1907 1320 2176 1354 subsistentiae?

701 1380 750 1411 Ex
775 1390 844 1421 quo
871 1379 971 1412 etiam
1002 1379 1110 1410 surina
1139 1378 1303 1410 naturalis
1328 1378 1422 1421 prius
1450 1378 1598 1410 natura⁴
1624 1378 1757 1420 perficit
1786 1378 1819 1410 in
1848 1389 1927 1411 esse
1958 1378 2176 1411 substantiali

701 1437 887 1476 materiam,
913 1437 1006 1479 quod
1024 1448 1094 1469 non
1114 1436 1193 1468 facit
1218 1436 1282 1468 nisi
1304 1443 1339 1468 ut
1357 1442 1409 1468 est
1427 1437 1536 1468 forma
1554 1442 1586 1468 et
1604 1436 1784 1468 actualitas
1809 1437 1981 1478 quaedam
2012 1439 2016 1477 ἰ
2044 1436 2176 1469 ratione

700 1495 798 1527 cuius
827 1494 967 1527 materia
996 1494 1120 1527 dicitur
1147 1494 1315 1536 disposita
1344 1495 1387 1526 ad
1417 1494 1610 1527 ulteriorem
1641 1494 1734 1526 dicto
1759 1495 1875 1534 modo,
1904 1495 2082 1536 quomodo
2111 1494 2176 1526 alia

700 1553 872 1595 posterior
888 1559 1009 1584 natura
1027 1552 1211 1595 perficiens
1234 1563 1304 1584 non
1323 1552 1463 1584 advenit
1488 1551 1552 1584 iam
1579 1552 1612 1584 in
1637 1563 1716 1584 esse
1741 1551 1925 1594 compositi
1943 1558 1976 1584 et
1993 1551 2175 1595 suppositi,

700 1616 865 1652 quantum
884 1617 936 1643 est
954 1611 997 1643 (le
1014 1621 1062 1650 se,
1081 1609 1257 1643 constituti
1277 1620 1338 1652 per
1358 1617 1472 1642 actum
1498 1610 1761 1642 substantialem
1779 1610 1918 1642 dantem
1937 1620 2015 1643 esse
2032 1615 2176 1642 naturae

700 1675 732 1701 et
747 1668 759 1685 ⁵
781 1679 859 1701 esse
877 1668 1120 1700 subsistentiae
1136 1668 1148 1683 ⁴⁶*
1171 1673 1336 1710 quantum
1363 1674 1416 1700 est
1440 1668 1484 1700 de
1509 1668 1572 1700 se?
1597 1668 1639 1700 Et
1664 1667 1713 1700 sie
1731 1667 1832 1700 etiam
1858 1667 1934 1700 talis
1952 1667 2062 1700 forma
2086 1667 2176 1700 acci-

700 1726 847 1759 dentalis
876 1726 958 1758 erit:
988 1726 1076 1758 sieut
1105 1726 1194 1758 enim
1212 1725 1222 1742 ⁷
1251 1725 1284 1757 in
1314 1736 1384 1758 uno
1414 1737 1483 1757 non
1514 1732 1629 1768 potest
1654 1736 1732 1758 esse
1761 1725 1825 1757 nisi
1855 1737 1960 1757 unum
1991 1736 2068 1758 esse
2097 1736 2177 1768 sup-

700 1784 813 1826 positi,
843 1784 887 1816 ita
916 1795 982 1816 nec
1010 1783 1075 1815 nisi
1104 1795 1209 1815 unum
1236 1794 1314 1815 esse
1344 1783 1541 1825 [suppositi]
1571 1790 1714 1816 naturae
1743 1794 1804 1826 per
1831 1794 1868 1816 se
1894 1789 1927 1815 et
1955 1782 2176 1825 simpliciter;

700 1847 733 1874 et
757 1842 873 1873 omnia
906 1841 971 1873 alia
996 1847 1095 1873 erunt
1120 1841 1358 1874 accidentalia.

789 1900 895 1940 Quod
923 1899 1041 1931 enim³
1069 1899 1102 1931 in
1132 1899 1270 1931 Christo
1300 1899 1397 1941 plura
1426 1910 1504 1931 esse
1533 1906 1676 1931 naturae
1706 1904 1787 1931 sunt
1817 1899 1870 1931 vel
1899 1898 2114 1931 substantiae
2143 1905 2176 1931 et

700 1963 814 1990 tamen
842 1968 913 1989 non
940 1962 991 1989 est
1008 1957 1073 1988 nisi
1091 1968 1197 1988 unum
1223 1967 1301 1989 esse
1327 1956 1582 1995 subsistentiae,
1600 1958 1668 1988 boc
1686 1963 1738 1989 est
1762 1956 1886 1989 virtute
1911 1956 2174 1999 supernaturali.

699 2014 788 2047 Nam
817 2015 955 2047 cuilibet
983 2025 1060 2047 esse
1086 2020 1228 2046 naturae
1253 2020 1419 2056 quantum
1445 2020 1498 2046 est
1523 2015 1565 2047 de
1590 2025 1628 2046 se
1657 2020 1774 2046 natum
1801 2020 1852 2046 est
1884 2014 2071 2047 convenire
2098 2024 2176 2056 pro-

701 2073 811 2115 prium
830 2083 908 2105 esse
925 2072 1179 2104 subsistentiae.
1207 2072 1299 2113 Quia
1324 2072 1414 2104 enim
1433 2072 1596 2104 accidens
1621 2072 1822 2104 necessario
1839 2071 2078 2104 concomitans
2097 2073 2176 2104 sub-

701 2130 860 2162 stantiam
886 2130 960 2162 sine
978 2141 1047 2171 quo
1073 2129 1266 2161 substantia
1284 2140 1361 2161 esse
1379 2141 1449 2161 non
1475 2136 1599 2172 potest,
1618 2140 1689 2162 non
1708 2129 1841 2172 perficit
1858 2130 2034 2162 materiam
2053 2140 2176 2162 secun-

701 2189 782 2220 dum
801 2187 875 2220 eius
893 2188 1021 2219 nudam
1040 2187 1226 2229 potentiam
1247 2198 1314 2228 qua
1332 2187 1455 2219 dicitur
1473 2187 1626 2229 potentia
1644 2187 1772 2229 aliquid
1791 2198 1868 2220 esse
1885 2187 2095 2230 simpliciter,
2112 2187 2176 2220 sed

701 2252 738 2277 ut
762 2251 814 2278 est
838 2245 903 2277 iam
929 2245 1056 2287 aliquid
1082 2245 1115 2276 in
1141 2251 1219 2277 actu
1245 2245 1438 2277 secundum
1465 2245 1612 2286 aliquam
1637 2245 1791 2284 formam,
1819 2245 1899 2278 ideo
1923 2251 1976 2277 est
1999 2245 2174 2278 accidens.

702 2303 935 2335 Consimiliter
951 2313 1035 2345 ergo
1053 2302 1291 2334 universaliter
1307 2302 1420 2334 omnis
1439 2303 1547 2334 forma
1565 2303 1748 2345 perficiens
1773 2303 1961 2342 materiam,
1979 2313 2050 2335 non
2070 2308 2106 2334 ut
2123 2308 2176 2335 est

700 2361 795 2392 nuda
823 2360 976 2403 potentia
1005 2361 1048 2392 ad
1077 2371 1155 2393 esse
1186 2360 1395 2402 simpliciter,
1424 2361 1486 2392 sed
1514 2366 1551 2392 ut
1580 2367 1632 2393 est
1664 2360 1779 2402 aliquo
1808 2361 1914 2393 modo
1942 2360 1976 2392 in
2003 2366 2094 2399 actu,
2123 2366 2176 2392 est

700 2419 808 2451 forma
827 2418 1061 2457 accidentalis,
1079 2418 1152 2450 sive
1169 2418 1309 2450 materia
1328 2418 1438 2459 possit
1462 2419 1592 2450 habere
1617 2429 1695 2450 esse
1720 2418 1754 2450 in
1778 2418 1836 2450 illo
1860 2424 1940 2450 actu
1965 2418 2075 2460 primo
2099 2418 2174 2450 sine

701 2476 766 2508 isto
799 2476 870 2508 sive
902 2487 984 2507 non.
1017 2476 1069 2507 Ex
1100 2486 1169 2517 quo
1202 2475 1293 2508 enirn
1313 2475 1324 2491 ⁹
1355 2475 1431 2507 talis
1464 2476 1574 2508 forma
1602 2475 1766 2508 naturalis
1795 2476 1853 2508 dat
1881 2475 2030 2517 aliquem
2058 2481 2172 2508 actum

791 2633 798 2646 ¹
819 2631 873 2657 ista
893 2631 1050 2665 mediante]
1065 2640 1119 2657 om.
1134 2631 1165 2657 P.
1185 2646 1218 2650 —
1239 2631 1249 2646 ⁴³
1268 2618 1356 2657 debet
1370 2631 1400 2657 P.
1415 2647 1447 2650 -
1462 2631 1472 2646 ³
1486 2630 1597 2657 faciunt
1610 2630 1671 2656 Pv.
1689 2646 1718 2649 —
1734 2632 1743 2645 ⁴
1756 2629 1927 2657 naturaliter
1940 2630 1970 2656 P.
1985 2645 2017 2649 ——
2032 2630 2043 2645 ⁵
2061 2638 2127 2657 esse
2140 2645 2174 2649 —-

701 2676 738 2709 et]
759 2683 813 2701 om.
834 2675 864 2700 P.
885 2690 917 2694 ——
938 2676 948 2689 ὓ
967 2679 996 2701 θῖ
1015 2683 1080 2701 esse
1100 2680 1221 2701 naturae
1241 2675 1308 2700 add.
1330 2674 1407 2700 11-
1424 2675 1432 2689 ἲ
1445 2683 1500 2700 om.
1520 2674 1550 2700 P.
1565 2689 1597 2693 —
1612 2674 1622 2689 ⁸
1641 2674 1729 2700 etiam
1749 2674 1818 2700 add.
1838 2674 1867 2700 P.
1882 2689 1915 2693 -
1929 2674 1940 2688 ⁹
1952 2673 2040 2700 etiam
2055 2673 2085 2700 P.
