<?xml version="1.0" encoding="UTF-8"?>
<!DOCTYPE html PUBLIC "-//W3C//DTD XHTML 1.0 Transitional//EN"
    "http://www.w3.org/TR/xhtml1/DTD/xhtml1-transitional.dtd">
<html xmlns="http://www.w3.org/1999/xhtml" xml:lang="en" lang="en">
 <head>
  <title>
</title>
<meta http-equiv="Content-Type" content="text/html;charset=utf-8" />
  <meta name='ocr-system' content='tesseract 3.04.00' />
  <meta name='ocr-capabilities' content='ocr_page ocr_carea ocr_par ocr_line ocrx_word'/>
</head>
<body>
  <div class='ocr_page' id='page_1' title='image "./lesquatrepremier00godf_0131.png"; bbox 0 0 2493 3458; ppageno 0'>
   <div class='ocr_carea' id='block_1_1' title="bbox 713 414 1785 452">
    <p class='ocr_par' dir='ltr' id='par_1_1' title="bbox 713 414 1785 452">
     <span class='ocr_line' id='line_1_1' title="bbox 713 414 1785 452; baseline -0.007 -7"><span class='ocrx_word' id='word_1_1' title='bbox 713 417 927 445; x_wconf 81' lang='lat' dir='ltr'>SECUNDUM</span> <span class='ocrx_word' id='word_1_2' title='bbox 955 416 1250 452; x_wconf 73' lang='lat' dir='ltr'>QUODLIBETUM,</span> <span class='ocrx_word' id='word_1_3' title='bbox 1280 417 1315 450; x_wconf 77' lang='lat' dir='ltr'>Q.</span> <span class='ocrx_word' id='word_1_4' title='bbox 1344 414 1397 441; x_wconf 68' lang='lat' dir='ltr'>vil</span> <span class='ocrx_word' id='word_1_5' title='bbox 1740 417 1785 440; x_wconf 62' lang='lat'>101)</span> 
     </span>
    </p>
   </div>
   <div class='ocr_carea' id='block_1_2' title="bbox 316 505 1788 946">
    <p class='ocr_par' dir='ltr' id='par_1_2' title="bbox 316 505 1788 946">
     <span class='ocr_line' id='line_1_2' title="bbox 317 505 1786 547; baseline -0.005 -4"><span class='ocrx_word' id='word_1_6' title='bbox 317 510 406 542; x_wconf 85' lang='lat' dir='ltr'>enim</span> <span class='ocrx_word' id='word_1_7' title='bbox 437 509 635 542; x_wconf 88' lang='lat' dir='ltr'>huiusmodi</span> <span class='ocrx_word' id='word_1_8' title='bbox 665 508 844 540; x_wconf 71' lang='lat' dir='ltr'>diversitas</span> <span class='ocrx_word' id='word_1_9' title='bbox 874 507 1043 538; x_wconf 84' lang='lat' dir='ltr'>rationum</span> <span class='ocrx_word' id='word_1_10' title='bbox 1072 518 1142 538; x_wconf 89' lang='lat' dir='ltr'>non</span> <span class='ocrx_word' id='word_1_11' title='bbox 1169 517 1209 538; x_wconf 86' lang='lat' dir='ltr'>ex</span> <span class='ocrx_word' id='word_1_12' title='bbox 1235 506 1389 547; x_wconf 83' lang='lat' dir='ltr'>pluribus</span> <span class='ocrx_word' id='word_1_13' title='bbox 1415 505 1531 536; x_wconf 67' lang='lat' dir='ltr'>formis</span> <span class='ocrx_word' id='word_1_14' title='bbox 1561 505 1786 536; x_wconf 61' lang='lat' dir='ltr'>existentibus</span> 
     </span>
     <span class='ocr_line' id='line_1_3' title="bbox 316 563 1785 607; baseline -0.005 -7"><span class='ocrx_word' id='word_1_15' title='bbox 316 569 349 599; x_wconf 92' lang='lat' dir='ltr'>in</span> <span class='ocrx_word' id='word_1_16' title='bbox 380 569 503 600; x_wconf 86' lang='lat' dir='ltr'>eodem</span> <span class='ocrx_word' id='word_1_17' title='bbox 532 568 594 599; x_wconf 82' lang='lat' dir='ltr'>sed</span> <span class='ocrx_word' id='word_1_18' title='bbox 623 578 663 598; x_wconf 81' lang='lat' dir='ltr'>ex</span> <span class='ocrx_word' id='word_1_19' title='bbox 693 572 787 607; x_wconf 86' lang='lat' dir='ltr'>parte</span> <span class='ocrx_word' id='word_1_20' title='bbox 817 565 971 596; x_wconf 77' lang='lat' dir='ltr'>eiusdem</span> <span class='ocrx_word' id='word_1_21' title='bbox 1002 565 1194 595; x_wconf 65' lang='lat' dir='ltr'>secundum</span> <span class='ocrx_word' id='word_1_22' title='bbox 1224 564 1370 595; x_wconf 85' lang='lat' dir='ltr'>eandem</span> <span class='ocrx_word' id='word_1_23' title='bbox 1398 563 1542 594; x_wconf 76' lang='lat' dir='ltr'>formam</span> <span class='ocrx_word' id='word_1_24' title='bbox 1573 563 1614 593; x_wconf 64' lang='grc' dir='ltr'>ιιι]</span> <span class='ocrx_word' id='word_1_25' title='bbox 1641 563 1785 593; x_wconf 74' lang='lat' dir='ltr'>diversa.</span> 
     </span>
     <span class='ocr_line' id='line_1_4' title="bbox 317 619 1786 666; baseline -0.006 -8"><span class='ocrx_word' id='word_1_26' title='bbox 317 626 483 666; x_wconf 71' lang='lat' dir='ltr'>Quamvis</span> <span class='ocrx_word' id='word_1_27' title='bbox 502 625 603 657; x_wconf 89' lang='lat' dir='ltr'>etiam</span> <span class='ocrx_word' id='word_1_28' title='bbox 628 624 749 655; x_wconf 88' lang='lat' dir='ltr'>eadem</span> <span class='ocrx_word' id='word_1_29' title='bbox 776 623 818 654; x_wconf 78' lang='lat' dir='ltr'>sit</span> <span class='ocrx_word' id='word_1_30' title='bbox 843 623 952 654; x_wconf 87' lang='lat' dir='ltr'>forma</span> <span class='ocrx_word' id='word_1_31' title='bbox 977 634 1045 663; x_wconf 79' lang='lat' dir='ltr'>qua</span> <span class='ocrx_word' id='word_1_32' title='bbox 1064 622 1180 653; x_wconf 83' lang='lat' dir='ltr'>asinus</span> <span class='ocrx_word' id='word_1_33' title='bbox 1206 627 1257 653; x_wconf 83' lang='lat' dir='ltr'>est</span> <span class='ocrx_word' id='word_1_34' title='bbox 1282 621 1400 652; x_wconf 82' lang='lat' dir='ltr'>asinus</span> <span class='ocrx_word' id='word_1_35' title='bbox 1425 627 1457 651; x_wconf 77' lang='lat' dir='ltr'>et</span> <span class='ocrx_word' id='word_1_36' title='bbox 1482 631 1549 661; x_wconf 81' lang='lat' dir='ltr'>qua</span> <span class='ocrx_word' id='word_1_37' title='bbox 1575 626 1625 651; x_wconf 78' lang='lat' dir='ltr'>est</span> <span class='ocrx_word' id='word_1_38' title='bbox 1651 619 1786 657; x_wconf 76' lang='lat' dir='ltr'>animal,</span> 
     </span>
     <span class='ocr_line' id='line_1_5' title="bbox 316 679 1787 724; baseline -0.005 -9"><span class='ocrx_word' id='word_1_39' title='bbox 316 683 589 724; x_wconf 86' lang='lat' dir='ltr'>unumquodque</span> <span class='ocrx_word' id='word_1_40' title='bbox 614 687 728 713; x_wconf 89' lang='lat' dir='ltr'>autem</span> <span class='ocrx_word' id='word_1_41' title='bbox 754 680 950 723; x_wconf 75' lang='lat' dir='ltr'>intelligitur</span> <span class='ocrx_word' id='word_1_42' title='bbox 976 680 1148 711; x_wconf 87' lang='lat' dir='ltr'>intellecta</span> <span class='ocrx_word' id='word_1_43' title='bbox 1174 690 1235 710; x_wconf 88' lang='lat' dir='ltr'>sua</span> <span class='ocrx_word' id='word_1_44' title='bbox 1261 679 1380 717; x_wconf 72' lang='lat' dir='ltr'>forma7</span> <span class='ocrx_word' id='word_1_45' title='bbox 1407 689 1477 709; x_wconf 91' lang='lat' dir='ltr'>non</span> <span class='ocrx_word' id='word_1_46' title='bbox 1507 683 1643 719; x_wconf 75' lang='lat' dir='ltr'>oportet</span> <span class='ocrx_word' id='word_1_47' title='bbox 1672 683 1787 708; x_wconf 88' lang='lat' dir='ltr'>tamen</span> 
     </span>
     <span class='ocr_line' id='line_1_6' title="bbox 319 735 1787 782; baseline -0.005 -10"><span class='ocrx_word' id='word_1_48' title='bbox 319 741 413 782; x_wconf 87' lang='lat' dir='ltr'>quod</span> <span class='ocrx_word' id='word_1_49' title='bbox 443 741 616 771; x_wconf 89' lang='lat' dir='ltr'>intellecto</span> <span class='ocrx_word' id='word_1_50' title='bbox 641 738 779 770; x_wconf 87' lang='lat' dir='ltr'>animali</span> <span class='ocrx_word' id='word_1_51' title='bbox 806 737 1014 779; x_wconf 71' lang='lat' dir='ltr'>intelligatur</span> <span class='ocrx_word' id='word_1_52' title='bbox 1043 737 1160 768; x_wconf 78' lang='lat' dir='ltr'>asinus</span> <span class='ocrx_word' id='word_1_53' title='bbox 1189 736 1255 767; x_wconf 83' lang='lat' dir='ltr'>nisi</span> <span class='ocrx_word' id='word_1_54' title='bbox 1283 736 1317 767; x_wconf 93' lang='lat' dir='ltr'>in</span> <span class='ocrx_word' id='word_1_55' title='bbox 1347 735 1540 773; x_wconf 76' lang='lat' dir='ltr'>universali,</span> <span class='ocrx_word' id='word_1_56' title='bbox 1567 735 1646 776; x_wconf 89' lang='lat' dir='ltr'>quia</span> <span class='ocrx_word' id='word_1_57' title='bbox 1676 735 1787 765; x_wconf 86' lang='lat' dir='ltr'>anima</span> 
     </span>
     <span class='ocr_line' id='line_1_7' title="bbox 316 792 1788 839; baseline -0.005 -9"><span class='ocrx_word' id='word_1_58' title='bbox 316 809 388 830; x_wconf 90' lang='lat' dir='ltr'>non</span> <span class='ocrx_word' id='word_1_59' title='bbox 412 798 598 839; x_wconf 87' lang='lat' dir='ltr'>imponitur</span> <span class='ocrx_word' id='word_1_60' title='bbox 615 797 658 828; x_wconf 87' lang='lat' dir='ltr'>ad</span> <span class='ocrx_word' id='word_1_61' title='bbox 676 796 943 839; x_wconf 80' lang='lat' dir='ltr'>significandum</span> <span class='ocrx_word' id='word_1_62' title='bbox 974 794 1198 826; x_wconf 86' lang='lat' dir='ltr'>determinate</span> <span class='ocrx_word' id='word_1_63' title='bbox 1226 794 1361 824; x_wconf 78' lang='lat' dir='ltr'>asinum</span> <span class='ocrx_word' id='word_1_64' title='bbox 1391 799 1423 825; x_wconf 91' lang='lat' dir='ltr'>et</span> <span class='ocrx_word' id='word_1_65' title='bbox 1452 793 1525 824; x_wconf 84' lang='lat' dir='ltr'>eius</span> <span class='ocrx_word' id='word_1_66' title='bbox 1555 793 1697 824; x_wconf 86' lang='lat' dir='ltr'>formam</span> <span class='ocrx_word' id='word_1_67' title='bbox 1727 792 1788 823; x_wconf 80' lang='lat' dir='ltr'>sed</span> 
     </span>
     <span class='ocr_line' id='line_1_8' title="bbox 317 849 1788 893; baseline -0.005 -6"><span class='ocrx_word' id='word_1_68' title='bbox 317 855 592 890; x_wconf 77' lang='lat' dir='ltr'>indeterminate;</span> <span class='ocrx_word' id='word_1_69' title='bbox 614 855 707 885; x_wconf 86' lang='lat' dir='ltr'>unde</span> <span class='ocrx_word' id='word_1_70' title='bbox 733 853 814 885; x_wconf 87' lang='lat' dir='ltr'>dicit</span> <span class='ocrx_word' id='word_1_71' title='bbox 839 852 967 893; x_wconf 87' lang='lat' dir='ltr'>aliquid</span> <span class='ocrx_word' id='word_1_72' title='bbox 993 852 1087 893; x_wconf 84' lang='lat' dir='ltr'>quod</span> <span class='ocrx_word' id='word_1_73' title='bbox 1112 851 1375 883; x_wconf 72' lang='lat' dir='ltr'>indeterminate</span> <span class='ocrx_word' id='word_1_74' title='bbox 1401 862 1438 882; x_wconf 80' lang='lat' dir='ltr'>se</span> <span class='ocrx_word' id='word_1_75' title='bbox 1464 851 1567 881; x_wconf 87' lang='lat' dir='ltr'>habet</span> <span class='ocrx_word' id='word_1_76' title='bbox 1585 851 1628 881; x_wconf 86' lang='lat' dir='ltr'>ad</span> <span class='ocrx_word' id='word_1_77' title='bbox 1654 849 1788 880; x_wconf 69' lang='lat' dir='ltr'>asinum</span> 
     </span>
     <span class='ocr_line' id='line_1_9' title="bbox 317 906 1788 946; baseline -0.005 -2"><span class='ocrx_word' id='word_1_78' title='bbox 317 920 350 945; x_wconf 86' lang='lat' dir='ltr'>et</span> <span class='ocrx_word' id='word_1_79' title='bbox 382 914 425 944; x_wconf 90' lang='lat' dir='ltr'>ad</span> <span class='ocrx_word' id='word_1_80' title='bbox 457 913 563 943; x_wconf 86' lang='lat' dir='ltr'>multa</span> <span class='ocrx_word' id='word_1_81' title='bbox 595 911 680 946; x_wconf 73' lang='lat' dir='ltr'>alia:</span> <span class='ocrx_word' id='word_1_82' title='bbox 712 916 745 943; x_wconf 88' lang='lat' dir='ltr'>et</span> <span class='ocrx_word' id='word_1_83' title='bbox 773 916 986 942; x_wconf 88' lang='lat' dir='ltr'>contractum</span> <span class='ocrx_word' id='word_1_84' title='bbox 1016 910 1058 940; x_wconf 82' lang='lat' dir='ltr'>ad</span> <span class='ocrx_word' id='word_1_85' title='bbox 1088 909 1222 940; x_wconf 71' lang='lat' dir='ltr'>asinum</span> <span class='ocrx_word' id='word_1_86' title='bbox 1253 919 1324 940; x_wconf 89' lang='lat' dir='ltr'>non</span> <span class='ocrx_word' id='word_1_87' title='bbox 1351 908 1432 939; x_wconf 86' lang='lat' dir='ltr'>dicit</span> <span class='ocrx_word' id='word_1_88' title='bbox 1457 907 1556 939; x_wconf 81' lang='lat' dir='ltr'>aliam</span> <span class='ocrx_word' id='word_1_89' title='bbox 1584 907 1724 938; x_wconf 84' lang='lat' dir='ltr'>formam</span> <span class='ocrx_word' id='word_1_90' title='bbox 1756 906 1788 937; x_wconf 92' lang='lat' dir='ltr'>in</span> 
     </span>
    </p>
   </div>
   <div class='ocr_carea' id='block_1_3' title="bbox 319 968 1057 1009">
    <p class='ocr_par' dir='ltr' id='par_1_3' title="bbox 319 968 1057 1009">
     <span class='ocr_line' id='line_1_10' title="bbox 319 968 1057 1009; baseline -0.007 -7"><span class='ocrx_word' id='word_1_91' title='bbox 319 971 442 1002; x_wconf 77' lang='lat' dir='ltr'>asino¹</span> <span class='ocrx_word' id='word_1_92' title='bbox 468 971 510 1001; x_wconf 89' lang='lat' dir='ltr'>ab</span> <span class='ocrx_word' id='word_1_93' title='bbox 536 970 590 1000; x_wconf 86' lang='lat' dir='ltr'>illa</span> <span class='ocrx_word' id='word_1_94' title='bbox 615 980 683 1009; x_wconf 83' lang='lat' dir='ltr'>qua</span> <span class='ocrx_word' id='word_1_95' title='bbox 709 968 827 999; x_wconf 67' lang='lat' dir='ltr'>asinus</span> <span class='ocrx_word' id='word_1_96' title='bbox 853 973 905 999; x_wconf 77' lang='lat' dir='ltr'>est</span> <span class='ocrx_word' id='word_1_97' title='bbox 930 968 1057 998; x_wconf 69' lang='lat' dir='ltr'>asinus.</span> 
     </span>
    </p>
   </div>
   <div class='ocr_carea' id='block_1_4' title="bbox 318 1080 1800 2395">
    <p class='ocr_par' dir='ltr' id='par_1_4' title="bbox 318 1080 1800 2395">
     <span class='ocr_line' id='line_1_11' title="bbox 406 1080 1791 1127; baseline -0.004 -11"><span class='ocrx_word' id='word_1_98' title='bbox 406 1086 443 1116; x_wconf 90' lang='grc' dir='ltr'>ΙΙ.</span> <span class='ocrx_word' id='word_1_99' title='bbox 470 1085 571 1116; x_wconf 89' lang='lat' dir='ltr'>Nunc</span> <span class='ocrx_word' id='word_1_100' title='bbox 589 1095 673 1127; x_wconf 82' lang='lat' dir='ltr'>ergo</span> <span class='ocrx_word' id='word_1_101' title='bbox 691 1083 870 1115; x_wconf 85' lang='lat' dir='ltr'>videamus</span> <span class='ocrx_word' id='word_1_102' title='bbox 889 1084 931 1114; x_wconf 89' lang='lat' dir='ltr'>de</span> <span class='ocrx_word' id='word_1_103' title='bbox 950 1083 1107 1114; x_wconf 86' lang='lat' dir='ltr'>secundo</span> <span class='ocrx_word' id='word_1_104' title='bbox 1126 1083 1230 1113; x_wconf 89' lang='lat' dir='ltr'>modo</span> <span class='ocrx_word' id='word_1_105' title='bbox 1250 1092 1319 1122; x_wconf 90' lang='lat' dir='ltr'>quo</span> <span class='ocrx_word' id='word_1_106' title='bbox 1340 1081 1480 1123; x_wconf 87' lang='lat' dir='ltr'>ponitur</span> <span class='ocrx_word' id='word_1_107' title='bbox 1497 1081 1612 1122; x_wconf 81' lang='lat' dir='ltr'>plures</span> <span class='ocrx_word' id='word_1_108' title='bbox 1631 1090 1707 1111; x_wconf 74' lang='lat' dir='ltr'>esse</span> <span class='ocrx_word' id='word_1_109' title='bbox 1726 1080 1791 1111; x_wconf 81' lang='lat' dir='ltr'>for-</span> 
     </span>
     <span class='ocr_line' id='line_1_12' title="bbox 318 1137 1792 1183; baseline -0.004 -9"><span class='ocrx_word' id='word_1_110' title='bbox 318 1154 391 1174; x_wconf 90' lang='lat' dir='ltr'>mas</span> <span class='ocrx_word' id='word_1_111' title='bbox 409 1143 443 1174; x_wconf 92' lang='lat' dir='ltr'>in</span> <span class='ocrx_word' id='word_1_112' title='bbox 467 1142 617 1174; x_wconf 87' lang='lat' dir='ltr'>homine.</span> <span class='ocrx_word' id='word_1_113' title='bbox 637 1141 825 1179; x_wconf 82' lang='lat' dir='ltr'>Sciendum</span> <span class='ocrx_word' id='word_1_114' title='bbox 851 1152 934 1183; x_wconf 77' lang='lat' dir='ltr'>ergo</span> <span class='ocrx_word' id='word_1_115' title='bbox 961 1141 1054 1182; x_wconf 88' lang='lat' dir='ltr'>quod</span> <span class='ocrx_word' id='word_1_116' title='bbox 1074 1146 1239 1181; x_wconf 87' lang='lat' dir='ltr'>quantum</span> <span class='ocrx_word' id='word_1_117' title='bbox 1259 1140 1301 1171; x_wconf 90' lang='lat' dir='ltr'>ad</span> <span class='ocrx_word' id='word_1_118' title='bbox 1320 1140 1413 1170; x_wconf 87' lang='lat' dir='ltr'>bunc</span> <span class='ocrx_word' id='word_1_119' title='bbox 1431 1139 1635 1176; x_wconf 74' lang='lat' dir='ltr'>secundum,</span> <span class='ocrx_word' id='word_1_120' title='bbox 1658 1137 1792 1169; x_wconf 79' lang='lat' dir='ltr'>videtur</span> 
     </span>
     <span class='ocr_line' id='line_1_13' title="bbox 319 1195 1792 1242; baseline -0.004 -10"><span class='ocrx_word' id='word_1_121' title='bbox 319 1200 490 1242; x_wconf 74' lang='lat' dir='ltr'>aliquibus</span> <span class='ocrx_word' id='word_1_122' title='bbox 516 1200 610 1241; x_wconf 89' lang='lat' dir='ltr'>quod</span> <span class='ocrx_word' id='word_1_123' title='bbox 636 1199 715 1241; x_wconf 86' lang='lat' dir='ltr'>quia</span> <span class='ocrx_word' id='word_1_124' title='bbox 740 1200 844 1230; x_wconf 85' lang='lat' dir='ltr'>homo</span> <span class='ocrx_word' id='word_1_125' title='bbox 871 1204 922 1229; x_wconf 85' lang='lat' dir='ltr'>est</span> <span class='ocrx_word' id='word_1_126' title='bbox 947 1199 1122 1239; x_wconf 75' lang='lat' dir='ltr'>quoddam</span> <span class='ocrx_word' id='word_1_127' title='bbox 1149 1208 1210 1229; x_wconf 87' lang='lat' dir='ltr'>ens</span> <span class='ocrx_word' id='word_1_128' title='bbox 1235 1197 1387 1235; x_wconf 77' lang='lat' dir='ltr'>mixtum,</span> <span class='ocrx_word' id='word_1_129' title='bbox 1406 1201 1543 1238; x_wconf 86' lang='lat' dir='ltr'>oportet</span> <span class='ocrx_word' id='word_1_130' title='bbox 1560 1196 1593 1227; x_wconf 91' lang='lat' dir='ltr'>in</span> <span class='ocrx_word' id='word_1_131' title='bbox 1619 1195 1695 1237; x_wconf 77' lang='lat' dir='ltr'>ipso</span> <span class='ocrx_word' id='word_1_132' title='bbox 1714 1206 1792 1226; x_wconf 78' lang='lat' dir='ltr'>esse</span> 
     </span>
     <span class='ocr_line' id='line_1_14' title="bbox 319 1253 1792 1300; baseline -0.005 -10"><span class='ocrx_word' id='word_1_133' title='bbox 319 1259 434 1300; x_wconf 87' lang='lat' dir='ltr'>plures</span> <span class='ocrx_word' id='word_1_134' title='bbox 452 1258 590 1289; x_wconf 78' lang='lat' dir='ltr'>formas.</span> <span class='ocrx_word' id='word_1_135' title='bbox 609 1258 696 1289; x_wconf 89' lang='lat' dir='ltr'>Nam</span> <span class='ocrx_word' id='word_1_136' title='bbox 716 1258 895 1295; x_wconf 73' lang='lat' dir='ltr'>elementa,</span> <span class='ocrx_word' id='word_1_137' title='bbox 915 1267 1003 1297; x_wconf 88' lang='lat' dir='ltr'>quae</span> <span class='ocrx_word' id='word_1_138' title='bbox 1022 1262 1102 1287; x_wconf 88' lang='lat' dir='ltr'>sunt</span> <span class='ocrx_word' id='word_1_139' title='bbox 1127 1266 1274 1296; x_wconf 86' lang='lat' dir='ltr'>corpora</span> <span class='ocrx_word' id='word_1_140' title='bbox 1297 1254 1464 1296; x_wconf 87' lang='lat' dir='ltr'>simplicia</span> <span class='ocrx_word' id='word_1_141' title='bbox 1482 1253 1645 1285; x_wconf 73' lang='lat' dir='ltr'>habentia</span> <span class='ocrx_word' id='word_1_142' title='bbox 1664 1253 1792 1284; x_wconf 60' lang='lat' dir='ltr'>formas</span> 
     </span>
     <span class='ocr_line' id='line_1_15' title="bbox 319 1310 1793 1358; baseline -0.004 -11"><span class='ocrx_word' id='word_1_143' title='bbox 319 1315 504 1358; x_wconf 76' lang='lat' dir='ltr'>simplices,</span> <span class='ocrx_word' id='word_1_144' title='bbox 524 1315 638 1357; x_wconf 83' lang='lat' dir='ltr'>aliquo</span> <span class='ocrx_word' id='word_1_145' title='bbox 667 1315 773 1346; x_wconf 87' lang='lat' dir='ltr'>modo</span> <span class='ocrx_word' id='word_1_146' title='bbox 802 1320 943 1346; x_wconf 88' lang='lat' dir='ltr'>manent</span> <span class='ocrx_word' id='word_1_147' title='bbox 976 1314 1009 1345; x_wconf 91' lang='lat' dir='ltr'>in</span> <span class='ocrx_word' id='word_1_148' title='bbox 1043 1313 1167 1351; x_wconf 72' lang='lat' dir='ltr'>mixtis,</span> <span class='ocrx_word' id='word_1_149' title='bbox 1194 1324 1282 1354; x_wconf 87' lang='lat' dir='ltr'>quae</span> <span class='ocrx_word' id='word_1_150' title='bbox 1315 1318 1395 1343; x_wconf 83' lang='lat' dir='ltr'>sunt</span> <span class='ocrx_word' id='word_1_151' title='bbox 1423 1322 1569 1353; x_wconf 86' lang='lat' dir='ltr'>corpora</span> <span class='ocrx_word' id='word_1_152' title='bbox 1598 1310 1793 1352; x_wconf 78' lang='lat' dir='ltr'>composita</span> 
     </span>
     <span class='ocr_line' id='line_1_16' title="bbox 320 1368 1793 1413; baseline -0.003 -9"><span class='ocrx_word' id='word_1_153' title='bbox 320 1373 391 1405; x_wconf 73' lang='lat' dir='ltr'>sive</span> <span class='ocrx_word' id='word_1_154' title='bbox 424 1373 587 1405; x_wconf 81' lang='lat' dir='ltr'>habentia</span> <span class='ocrx_word' id='word_1_155' title='bbox 620 1373 748 1404; x_wconf 80' lang='lat' dir='ltr'>formas</span> <span class='ocrx_word' id='word_1_156' title='bbox 782 1372 895 1413; x_wconf 88' lang='lat' dir='ltr'>aliquo</span> <span class='ocrx_word' id='word_1_157' title='bbox 934 1372 1039 1403; x_wconf 90' lang='lat' dir='ltr'>modo</span> <span class='ocrx_word' id='word_1_158' title='bbox 1078 1371 1301 1412; x_wconf 77' lang='lat' dir='ltr'>compositas,</span> <span class='ocrx_word' id='word_1_159' title='bbox 1334 1376 1367 1401; x_wconf 92' lang='lat' dir='ltr'>et</span> <span class='ocrx_word' id='word_1_160' title='bbox 1400 1370 1500 1401; x_wconf 87' lang='lat' dir='ltr'>etiam</span> <span class='ocrx_word' id='word_1_161' title='bbox 1534 1374 1668 1410; x_wconf 84' lang='lat' dir='ltr'>praeter</span> <span class='ocrx_word' id='word_1_162' title='bbox 1700 1368 1793 1409; x_wconf 88' lang='lat' dir='ltr'>ipsas</span> 
     </span>
     <span class='ocr_line' id='line_1_17' title="bbox 321 1426 1792 1470; baseline -0.003 -8"><span class='ocrx_word' id='word_1_163' title='bbox 321 1432 449 1463; x_wconf 88' lang='lat' dir='ltr'>formas</span> <span class='ocrx_word' id='word_1_164' title='bbox 468 1431 715 1462; x_wconf 88' lang='lat' dir='ltr'>elementorum</span> <span class='ocrx_word' id='word_1_165' title='bbox 734 1430 767 1461; x_wconf 92' lang='lat' dir='ltr'>in</span> <span class='ocrx_word' id='word_1_166' title='bbox 786 1430 891 1461; x_wconf 86' lang='lat' dir='ltr'>mixto</span> <span class='ocrx_word' id='word_1_167' title='bbox 910 1429 1024 1470; x_wconf 84' lang='lat' dir='ltr'>aliquo</span> <span class='ocrx_word' id='word_1_168' title='bbox 1050 1430 1154 1460; x_wconf 86' lang='lat' dir='ltr'>modo</span> <span class='ocrx_word' id='word_1_169' title='bbox 1180 1434 1360 1460; x_wconf 84' lang='lat' dir='ltr'>manentes</span> <span class='ocrx_word' id='word_1_170' title='bbox 1382 1433 1518 1469; x_wconf 84' lang='lat' dir='ltr'>oportet</span> <span class='ocrx_word' id='word_1_171' title='bbox 1543 1437 1619 1458; x_wconf 80' lang='lat' dir='ltr'>esse</span> <span class='ocrx_word' id='word_1_172' title='bbox 1646 1426 1792 1467; x_wconf 79' lang='lat' dir='ltr'>aliquam</span> 
     </span>
     <span class='ocr_line' id='line_1_18' title="bbox 320 1484 1793 1530; baseline -0.003 -10"><span class='ocrx_word' id='word_1_173' title='bbox 320 1489 421 1520; x_wconf 84' lang='lat' dir='ltr'>aliam</span> <span class='ocrx_word' id='word_1_174' title='bbox 450 1489 593 1520; x_wconf 87' lang='lat' dir='ltr'>formam</span> <span class='ocrx_word' id='word_1_175' title='bbox 623 1488 894 1530; x_wconf 60' lang='lat' dir='ltr'>completfflrem,</span> <span class='ocrx_word' id='word_1_176' title='bbox 924 1498 1012 1528; x_wconf 89' lang='lat' dir='ltr'>quae</span> <span class='ocrx_word' id='word_1_177' title='bbox 1041 1497 1106 1518; x_wconf 78' lang='lat' dir='ltr'>nec</span> <span class='ocrx_word' id='word_1_178' title='bbox 1135 1487 1178 1517; x_wconf 78' lang='lat' dir='ltr'>sit</span> <span class='ocrx_word' id='word_1_179' title='bbox 1206 1487 1413 1517; x_wconf 89' lang='lat' dir='ltr'>elementum</span> <span class='ocrx_word' id='word_1_180' title='bbox 1442 1496 1508 1517; x_wconf 88' lang='lat' dir='ltr'>nec</span> <span class='ocrx_word' id='word_1_181' title='bbox 1537 1496 1578 1517; x_wconf 82' lang='lat' dir='ltr'>ex</span> <span class='ocrx_word' id='word_1_182' title='bbox 1606 1484 1793 1522; x_wconf 88' lang='lat' dir='ltr'>elementis,</span> 
     </span>
     <span class='ocr_line' id='line_1_19' title="bbox 322 1542 1795 1587; baseline -0.003 -9"><span class='ocrx_word' id='word_1_183' title='bbox 322 1553 358 1578; x_wconf 92' lang='lat' dir='ltr'>ut</span> <span class='ocrx_word' id='word_1_184' title='bbox 386 1547 509 1578; x_wconf 90' lang='lat' dir='ltr'>dicitur</span> <span class='ocrx_word' id='word_1_185' title='bbox 537 1546 571 1578; x_wconf 88' lang='lat' dir='ltr'>in</span> <span class='ocrx_word' id='word_1_186' title='bbox 599 1547 667 1577; x_wconf 88' lang='lat' dir='ltr'>fine</span> <span class='ocrx_word' id='word_1_187' title='bbox 696 1545 832 1587; x_wconf 78' lang='lat' dir='ltr'>septimi</span> <span class='ocrx_word' id='word_1_188' title='bbox 861 1544 1121 1586; x_wconf 69' lang='lat' dir='ltr'>Metaphysicae</span> <span class='ocrx_word' id='word_1_189' title='bbox 1140 1546 1196 1583; x_wconf 83' lang='grc'>(1).</span> <span class='ocrx_word' id='word_1_190' title='bbox 1227 1544 1263 1575; x_wconf 81' lang='lat' dir='ltr'>Si</span> <span class='ocrx_word' id='word_1_191' title='bbox 1293 1543 1383 1575; x_wconf 91' lang='lat' dir='ltr'>enim</span> <span class='ocrx_word' id='word_1_192' title='bbox 1412 1542 1592 1574; x_wconf 83' lang='lat' dir='ltr'>miscibilia</span> <span class='ocrx_word' id='word_1_193' title='bbox 1625 1543 1795 1574; x_wconf 87' lang='lat' dir='ltr'>elementa</span> 
     </span>
     <span class='ocr_line' id='line_1_20' title="bbox 321 1601 1794 1644; baseline -0.003 -8"><span class='ocrx_word' id='word_1_194' title='bbox 321 1605 371 1636; x_wconf 88' lang='lat' dir='ltr'>sic</span> <span class='ocrx_word' id='word_1_195' title='bbox 396 1610 514 1636; x_wconf 77' lang='lat' dir='ltr'>essent</span> <span class='ocrx_word' id='word_1_196' title='bbox 538 1604 572 1635; x_wconf 87' lang='lat' dir='ltr'>in</span> <span class='ocrx_word' id='word_1_197' title='bbox 597 1604 702 1635; x_wconf 83' lang='lat' dir='ltr'>mixto</span> <span class='ocrx_word' id='word_1_198' title='bbox 732 1604 825 1644; x_wconf 86' lang='lat' dir='ltr'>quod</span> <span class='ocrx_word' id='word_1_199' title='bbox 853 1608 1156 1644; x_wconf 86' lang='lat' dir='ltr'>corrumperentur</span> <span class='ocrx_word' id='word_1_200' title='bbox 1184 1601 1325 1633; x_wconf 88' lang='lat' dir='ltr'>omnino</span> <span class='ocrx_word' id='word_1_201' title='bbox 1354 1601 1546 1633; x_wconf 86' lang='lat' dir='ltr'>secundum</span> <span class='ocrx_word' id='word_1_202' title='bbox 1571 1611 1652 1632; x_wconf 90' lang='lat' dir='ltr'>suas</span> <span class='ocrx_word' id='word_1_203' title='bbox 1681 1605 1794 1632; x_wconf 90' lang='lat' dir='ltr'>actua-</span> 
     </span>
     <span class='ocr_line' id='line_1_21' title="bbox 320 1657 1794 1699; baseline -0.004 -5"><span class='ocrx_word' id='word_1_204' title='bbox 320 1663 431 1694; x_wconf 87' lang='lat' dir='ltr'>litates</span> <span class='ocrx_word' id='word_1_205' title='bbox 469 1661 714 1693; x_wconf 81' lang='lat' dir='ltr'>substantiales</span> <span class='ocrx_word' id='word_1_206' title='bbox 747 1667 779 1692; x_wconf 89' lang='lat' dir='ltr'>et</span> <span class='ocrx_word' id='word_1_207' title='bbox 813 1667 905 1692; x_wconf 73' lang='lat' dir='ltr'>esset</span> <span class='ocrx_word' id='word_1_208' title='bbox 937 1661 971 1691; x_wconf 92' lang='lat' dir='ltr'>in</span> <span class='ocrx_word' id='word_1_209' title='bbox 1003 1660 1107 1691; x_wconf 83' lang='lat' dir='ltr'>mixto</span> <span class='ocrx_word' id='word_1_210' title='bbox 1140 1665 1272 1691; x_wconf 88' lang='lat' dir='ltr'>tantum</span> <span class='ocrx_word' id='word_1_211' title='bbox 1298 1659 1308 1675; x_wconf 76' lang='lat'><strong>²</strong></span> <span class='ocrx_word' id='word_1_212' title='bbox 1340 1670 1409 1690; x_wconf 91' lang='lat' dir='ltr'>una</span> <span class='ocrx_word' id='word_1_213' title='bbox 1442 1659 1551 1690; x_wconf 89' lang='lat' dir='ltr'>forma</span> <span class='ocrx_word' id='word_1_214' title='bbox 1584 1658 1729 1699; x_wconf 81' lang='lat' dir='ltr'>simplex</span> <span class='ocrx_word' id='word_1_215' title='bbox 1760 1657 1794 1688; x_wconf 92' lang='lat' dir='ltr'>in</span> 
     </span>
     <span class='ocr_line' id='line_1_22' title="bbox 322 1715 1794 1761; baseline -0.003 -10"><span class='ocrx_word' id='word_1_216' title='bbox 322 1720 473 1752; x_wconf 81' lang='lat' dir='ltr'>essentia</span> <span class='ocrx_word' id='word_1_217' title='bbox 497 1720 562 1751; x_wconf 84' lang='lat' dir='ltr'>alia</span> <span class='ocrx_word' id='word_1_218' title='bbox 587 1720 629 1750; x_wconf 91' lang='lat' dir='ltr'>ab</span> <span class='ocrx_word' id='word_1_219' title='bbox 654 1719 739 1761; x_wconf 85' lang='lat' dir='ltr'>ipsis</span> <span class='ocrx_word' id='word_1_220' title='bbox 759 1719 778 1757; x_wconf 71' lang='lat'>⁵³,</span> <span class='ocrx_word' id='word_1_221' title='bbox 809 1719 979 1750; x_wconf 86' lang='lat' dir='ltr'>elementa</span> <span class='ocrx_word' id='word_1_222' title='bbox 1008 1729 1079 1749; x_wconf 90' lang='lat' dir='ltr'>non</span> <span class='ocrx_word' id='word_1_223' title='bbox 1108 1719 1275 1749; x_wconf 87' lang='lat' dir='ltr'>deberent</span> <span class='ocrx_word' id='word_1_224' title='bbox 1300 1717 1367 1749; x_wconf 89' lang='lat' dir='ltr'>dici</span> <span class='ocrx_word' id='word_1_225' title='bbox 1397 1717 1566 1748; x_wconf 86' lang='lat' dir='ltr'>elementa</span> <span class='ocrx_word' id='word_1_226' title='bbox 1594 1716 1670 1747; x_wconf 86' lang='lat' dir='ltr'>talis</span> <span class='ocrx_word' id='word_1_227' title='bbox 1696 1715 1794 1754; x_wconf 86' lang='lat' dir='ltr'>entis,</span> 
     </span>
     <span class='ocr_line' id='line_1_23' title="bbox 321 1773 1795 1820; baseline -0.003 -11"><span class='ocrx_word' id='word_1_228' title='bbox 321 1784 358 1809; x_wconf 92' lang='lat' dir='ltr'>ut</span> <span class='ocrx_word' id='word_1_229' title='bbox 382 1783 476 1820; x_wconf 91' lang='lat' dir='ltr'>patet</span> <span class='ocrx_word' id='word_1_230' title='bbox 500 1788 562 1820; x_wconf 87' lang='lat' dir='ltr'>per</span> <span class='ocrx_word' id='word_1_231' title='bbox 587 1777 824 1809; x_wconf 83' lang='lat' dir='ltr'>definitionem</span> <span class='ocrx_word' id='word_1_232' title='bbox 850 1776 1009 1808; x_wconf 87' lang='lat' dir='ltr'>elementi</span> <span class='ocrx_word' id='word_1_233' title='bbox 1034 1776 1068 1807; x_wconf 92' lang='lat' dir='ltr'>in</span> <span class='ocrx_word' id='word_1_234' title='bbox 1094 1776 1213 1817; x_wconf 86' lang='lat' dir='ltr'>quinto</span> <span class='ocrx_word' id='word_1_235' title='bbox 1229 1775 1241 1791; x_wconf 63' lang='lat'>4</span> <span class='ocrx_word' id='word_1_236' title='bbox 1264 1774 1526 1816; x_wconf 79' lang='lat' dir='ltr'>Metaphysicae</span> <span class='ocrx_word' id='word_1_237' title='bbox 1544 1777 1600 1811; x_wconf 72' lang='lat'>(2).</span> <span class='ocrx_word' id='word_1_238' title='bbox 1626 1774 1687 1805; x_wconf 74' lang='lat' dir='ltr'>Est</span> <span class='ocrx_word' id='word_1_239' title='bbox 1704 1773 1795 1805; x_wconf 77' lang='lat' dir='ltr'>e‘nim</span> 
     </span>
     <span class='ocr_line' id='line_1_24' title="bbox 323 1831 1796 1877; baseline -0.003 -10"><span class='ocrx_word' id='word_1_240' title='bbox 323 1836 530 1868; x_wconf 86' lang='lat' dir='ltr'>elementum</span> <span class='ocrx_word' id='word_1_241' title='bbox 556 1846 597 1866; x_wconf 85' lang='lat' dir='ltr'>ex</span> <span class='ocrx_word' id='word_1_242' title='bbox 622 1846 690 1877; x_wconf 90' lang='lat' dir='ltr'>quo</span> <span class='ocrx_word' id='word_1_243' title='bbox 717 1834 937 1876; x_wconf 80' lang='lat' dir='ltr'>componitur</span> <span class='ocrx_word' id='word_1_244' title='bbox 953 1834 964 1849; x_wconf 56' lang='grc' dir='ltr'>ἦ</span> <span class='ocrx_word' id='word_1_245' title='bbox 988 1834 1080 1865; x_wconf 83' lang='lat' dir='ltr'>aliud</span> <span class='ocrx_word' id='word_1_246' title='bbox 1107 1839 1138 1865; x_wconf 90' lang='lat' dir='ltr'>et</span> <span class='ocrx_word' id='word_1_247' title='bbox 1164 1839 1215 1865; x_wconf 87' lang='lat' dir='ltr'>est</span> <span class='ocrx_word' id='word_1_248' title='bbox 1240 1833 1274 1864; x_wconf 91' lang='lat' dir='ltr'>in</span> <span class='ocrx_word' id='word_1_249' title='bbox 1300 1844 1351 1865; x_wconf 90' lang='lat' dir='ltr'>eo.</span> <span class='ocrx_word' id='word_1_250' title='bbox 1371 1852 1410 1855; x_wconf 79' lang='lat'>——</span> <span class='ocrx_word' id='word_1_251' title='bbox 1430 1832 1466 1865; x_wconf 82' lang='lat' dir='ltr'>Si</span> <span class='ocrx_word' id='word_1_252' title='bbox 1492 1832 1592 1863; x_wconf 88' lang='lat' dir='ltr'>etiam</span> <span class='ocrx_word' id='word_1_253' title='bbox 1618 1831 1722 1863; x_wconf 80' lang='lat' dir='ltr'>mixta</span> <span class='ocrx_word' id='word_1_254' title='bbox 1747 1831 1796 1862; x_wconf 90' lang='lat' dir='ltr'>sic</span> 
     </span>
     <span class='ocr_line' id='line_1_25' title="bbox 322 1888 1795 1933; baseline -0.003 -8"><span class='ocrx_word' id='word_1_255' title='bbox 322 1894 538 1925; x_wconf 88' lang='lat' dir='ltr'>resolvantur</span> <span class='ocrx_word' id='word_1_256' title='bbox 566 1893 599 1924; x_wconf 92' lang='lat' dir='ltr'>in</span> <span class='ocrx_word' id='word_1_257' title='bbox 632 1894 802 1924; x_wconf 86' lang='lat' dir='ltr'>elementa</span> <span class='ocrx_word' id='word_1_258' title='bbox 831 1893 925 1933; x_wconf 83' lang='lat' dir='ltr'>quod</span> <span class='ocrx_word' id='word_1_259' title='bbox 958 1892 994 1923; x_wconf 85' lang='lat' dir='ltr'>fit</span> <span class='ocrx_word' id='word_1_260' title='bbox 1026 1892 1275 1924; x_wconf 88' lang='lat' dir='ltr'>elementorum</span> <span class='ocrx_word' id='word_1_261' title='bbox 1309 1890 1450 1922; x_wconf 91' lang='lat' dir='ltr'>omnino</span> <span class='ocrx_word' id='word_1_262' title='bbox 1482 1901 1573 1921; x_wconf 86' lang='lat' dir='ltr'>nova</span> <span class='ocrx_word' id='word_1_263' title='bbox 1605 1888 1795 1932; x_wconf 81' lang='lat' dir='ltr'>generatio,</span> 
     </span>
     <span class='ocr_line' id='line_1_26' title="bbox 321 1947 1795 1992; baseline -0.003 -10"><span class='ocrx_word' id='word_1_264' title='bbox 321 1962 393 1983; x_wconf 90' lang='lat' dir='ltr'>non</span> <span class='ocrx_word' id='word_1_265' title='bbox 418 1951 495 1992; x_wconf 86' lang='lat' dir='ltr'>plus</span> <span class='ocrx_word' id='word_1_266' title='bbox 521 1951 718 1982; x_wconf 85' lang='lat' dir='ltr'>dicerentur</span> <span class='ocrx_word' id='word_1_267' title='bbox 742 1950 846 1981; x_wconf 84' lang='lat' dir='ltr'>mixta</span> <span class='ocrx_word' id='word_1_268' title='bbox 876 1949 946 1981; x_wconf 82' lang='lat' dir='ltr'>fieri</span> <span class='ocrx_word' id='word_1_269' title='bbox 965 1960 1006 1981; x_wconf 80' lang='lat' dir='ltr'>ex</span> <span class='ocrx_word' id='word_1_270' title='bbox 1024 1949 1203 1981; x_wconf 81' lang='lat' dir='ltr'>elementis</span> <span class='ocrx_word' id='word_1_271' title='bbox 1224 1960 1325 1990; x_wconf 84' lang='lat' dir='ltr'>quam</span> <span class='ocrx_word' id='word_1_272' title='bbox 1343 1960 1361 1980; x_wconf 90' lang='lat' dir='ltr'>e</span> <span class='ocrx_word' id='word_1_273' title='bbox 1380 1959 1561 1980; x_wconf 77' lang='lat' dir='ltr'>converso.</span> <span class='ocrx_word' id='word_1_274' title='bbox 1582 1967 1619 1969; x_wconf 44' lang='grc' dir='ltr'><em>ᾈ</em></span> <span class='ocrx_word' id='word_1_275' title='bbox 1640 1947 1677 1979; x_wconf 80' lang='lat' dir='ltr'>Si</span> <span class='ocrx_word' id='word_1_276' title='bbox 1695 1947 1795 1978; x_wconf 83' lang='lat' dir='ltr'>etiam</span> 
     </span>
     <span class='ocr_line' id='line_1_27' title="bbox 323 2005 1796 2050; baseline -0.003 -10"><span class='ocrx_word' id='word_1_277' title='bbox 323 2009 493 2040; x_wconf 87' lang='lat' dir='ltr'>elementa</span> <span class='ocrx_word' id='word_1_278' title='bbox 518 2008 568 2040; x_wconf 87' lang='lat' dir='ltr'>sic</span> <span class='ocrx_word' id='word_1_279' title='bbox 593 2014 895 2050; x_wconf 87' lang='lat' dir='ltr'>corrumperentur</span> <span class='ocrx_word' id='word_1_280' title='bbox 919 2008 952 2038; x_wconf 90' lang='lat' dir='ltr'>in</span> <span class='ocrx_word' id='word_1_281' title='bbox 978 2007 1093 2045; x_wconf 77' lang='lat' dir='ltr'>mixto,</span> <span class='ocrx_word' id='word_1_282' title='bbox 1120 2018 1198 2038; x_wconf 90' lang='lat' dir='ltr'>cum</span> <span class='ocrx_word' id='word_1_283' title='bbox 1224 2006 1398 2048; x_wconf 84' lang='lat' dir='ltr'>corruptio</span> <span class='ocrx_word' id='word_1_284' title='bbox 1425 2006 1526 2037; x_wconf 79' lang='lat' dir='ltr'>unius</span> <span class='ocrx_word' id='word_1_285' title='bbox 1552 2005 1594 2036; x_wconf 76' lang='lat' dir='ltr'>sit</span> <span class='ocrx_word' id='word_1_286' title='bbox 1618 2005 1796 2048; x_wconf 79' lang='lat' dir='ltr'>generatio</span> 
     </span>
     <span class='ocr_line' id='line_1_28' title="bbox 324 2063 1797 2106; baseline -0.003 -8"><span class='ocrx_word' id='word_1_287' title='bbox 324 2066 473 2104; x_wconf 85' lang='lat' dir='ltr'>alterius,</span> <span class='ocrx_word' id='word_1_288' title='bbox 492 2066 607 2097; x_wconf 83' lang='lat' dir='ltr'>mixtio</span> <span class='ocrx_word' id='word_1_289' title='bbox 626 2077 697 2098; x_wconf 89' lang='lat' dir='ltr'>non</span> <span class='ocrx_word' id='word_1_290' title='bbox 718 2066 869 2097; x_wconf 74' lang='lat' dir='ltr'>differret</span> <span class='ocrx_word' id='word_1_291' title='bbox 887 2077 905 2096; x_wconf 89' lang='lat' dir='ltr'>a</span> <span class='ocrx_word' id='word_1_292' title='bbox 923 2065 1159 2106; x_wconf 68' lang='lat' dir='ltr'>generatione.</span> <span class='ocrx_word' id='word_1_293' title='bbox 1179 2065 1280 2096; x_wconf 90' lang='lat' dir='ltr'>Unde</span> <span class='ocrx_word' id='word_1_294' title='bbox 1299 2064 1378 2105; x_wconf 86' lang='lat' dir='ltr'>quia</span> <span class='ocrx_word' id='word_1_295' title='bbox 1396 2064 1527 2095; x_wconf 90' lang='lat' dir='ltr'>formae</span> <span class='ocrx_word' id='word_1_296' title='bbox 1549 2063 1797 2095; x_wconf 81' lang='lat' dir='ltr'>elementorum</span> 
     </span>
     <span class='ocr_line' id='line_1_29' title="bbox 324 2123 947 2156; baseline -0.002 -1"><span class='ocrx_word' id='word_1_297' title='bbox 324 2130 403 2155; x_wconf 88' lang='lat' dir='ltr'>sunt</span> <span class='ocrx_word' id='word_1_298' title='bbox 420 2124 508 2155; x_wconf 89' lang='lat' dir='ltr'>inter</span> <span class='ocrx_word' id='word_1_299' title='bbox 532 2134 654 2156; x_wconf 89' lang='lat' dir='ltr'>omnes</span> <span class='ocrx_word' id='word_1_300' title='bbox 680 2123 762 2155; x_wconf 89' lang='lat' dir='ltr'>alias</span> <span class='ocrx_word' id='word_1_301' title='bbox 789 2124 916 2155; x_wconf 78' lang='lat' dir='ltr'>formas</span> <span class='ocrx_word' id='word_1_302' title='bbox 937 2123 947 2138; x_wconf 68' lang='lat'><strong>⁶</strong></span> 
     </span>
     <span class='ocr_line' id='line_1_30' title="bbox 325 2179 1798 2223; baseline -0.003 -9"><span class='ocrx_word' id='word_1_303' title='bbox 325 2182 544 2221; x_wconf 70' lang='lat' dir='ltr'>fectissimae,</span> <span class='ocrx_word' id='word_1_304' title='bbox 576 2187 694 2223; x_wconf 85' lang='lat' dir='ltr'>utpote</span> <span class='ocrx_word' id='word_1_305' title='bbox 722 2181 885 2213; x_wconf 88' lang='lat' dir='ltr'>materiae</span> <span class='ocrx_word' id='word_1_306' title='bbox 918 2181 1047 2223; x_wconf 81' lang='lat' dir='ltr'>primae</span> <span class='ocrx_word' id='word_1_307' title='bbox 1081 2180 1358 2222; x_wconf 81' lang='lat' dir='ltr'>propinquiores,</span> <span class='ocrx_word' id='word_1_308' title='bbox 1392 2185 1425 2211; x_wconf 92' lang='lat' dir='ltr'>et</span> <span class='ocrx_word' id='word_1_309' title='bbox 1456 2179 1506 2211; x_wconf 89' lang='lat' dir='ltr'>sic</span> <span class='ocrx_word' id='word_1_310' title='bbox 1539 2179 1798 2220; x_wconf 86' lang='lat' dir='ltr'>quodammodo</span> 
     </span>
     <span class='ocr_line' id='line_1_31' title="bbox 324 2237 1799 2279; baseline -0.003 -8"><span class='ocrx_word' id='word_1_311' title='bbox 324 2240 459 2272; x_wconf 85' lang='lat' dir='ltr'>mediae</span> <span class='ocrx_word' id='word_1_312' title='bbox 484 2240 572 2272; x_wconf 91' lang='lat' dir='ltr'>inter</span> <span class='ocrx_word' id='word_1_313' title='bbox 596 2240 725 2271; x_wconf 84' lang='lat' dir='ltr'>formas</span> <span class='ocrx_word' id='word_1_314' title='bbox 750 2239 993 2271; x_wconf 78' lang='lat' dir='ltr'>substantiales</span> <span class='ocrx_word' id='word_1_315' title='bbox 1020 2239 1209 2279; x_wconf 86' lang='lat' dir='ltr'>completas</span> <span class='ocrx_word' id='word_1_316' title='bbox 1228 2243 1260 2269; x_wconf 89' lang='lat' dir='ltr'>et</span> <span class='ocrx_word' id='word_1_317' title='bbox 1277 2248 1362 2279; x_wconf 88' lang='lat' dir='ltr'>pure</span> <span class='ocrx_word' id='word_1_318' title='bbox 1389 2237 1632 2275; x_wconf 76' lang='lat' dir='ltr'>accidentales,</span> <span class='ocrx_word' id='word_1_319' title='bbox 1659 2242 1691 2268; x_wconf 89' lang='lat' dir='ltr'>et</span> <span class='ocrx_word' id='word_1_320' title='bbox 1716 2246 1799 2277; x_wconf 86' lang='lat' dir='ltr'>quo-</span> 
     </span>
     <span class='ocr_line' id='line_1_32' title="bbox 327 2293 1799 2337; baseline -0.003 -8"><span class='ocrx_word' id='word_1_321' title='bbox 327 2298 513 2329; x_wconf 83' lang='lat' dir='ltr'>dammodo</span> <span class='ocrx_word' id='word_1_322' title='bbox 530 2298 699 2329; x_wconf 84' lang='lat' dir='ltr'>habentes</span> <span class='ocrx_word' id='word_1_323' title='bbox 718 2297 996 2329; x_wconf 85' lang='lat' dir='ltr'>contrarietatem</span> <span class='ocrx_word' id='word_1_324' title='bbox 1015 2297 1058 2327; x_wconf 87' lang='lat' dir='ltr'>ad</span> <span class='ocrx_word' id='word_1_325' title='bbox 1076 2295 1234 2333; x_wconf 76' lang='lat' dir='ltr'>invicem,</span> <span class='ocrx_word' id='word_1_326' title='bbox 1254 2301 1286 2327; x_wconf 89' lang='lat' dir='ltr'>et</span> <span class='ocrx_word' id='word_1_327' title='bbox 1304 2301 1465 2337; x_wconf 87' lang='lat' dir='ltr'>potentes</span> <span class='ocrx_word' id='word_1_328' title='bbox 1490 2294 1668 2336; x_wconf 80' lang='lat' dir='ltr'>suscipere</span> <span class='ocrx_word' id='word_1_329' title='bbox 1689 2293 1799 2336; x_wconf 83' lang='lat' dir='ltr'>magis</span> 
     </span>
     <span class='ocr_line' id='line_1_33' title="bbox 328 2353 1800 2395; baseline -0.003 -8"><span class='ocrx_word' id='word_1_330' title='bbox 328 2361 360 2387; x_wconf 91' lang='lat' dir='ltr'>et</span> <span class='ocrx_word' id='word_1_331' title='bbox 377 2355 490 2387; x_wconf 89' lang='lat' dir='ltr'>minus</span> <span class='ocrx_word' id='word_1_332' title='bbox 509 2361 541 2387; x_wconf 90' lang='lat' dir='ltr'>et</span> <span class='ocrx_word' id='word_1_333' title='bbox 559 2355 608 2387; x_wconf 87' lang='lat' dir='ltr'>sic</span> <span class='ocrx_word' id='word_1_334' title='bbox 625 2366 804 2387; x_wconf 89' lang='lat' dir='ltr'>remanere</span> <span class='ocrx_word' id='word_1_335' title='bbox 821 2354 831 2370; x_wconf 84' lang='lat'>⁷</span> <span class='ocrx_word' id='word_1_336' title='bbox 855 2355 889 2386; x_wconf 94' lang='lat' dir='ltr'>in</span> <span class='ocrx_word' id='word_1_337' title='bbox 915 2354 1019 2386; x_wconf 81' lang='lat' dir='ltr'>mixto</span> <span class='ocrx_word' id='word_1_338' title='bbox 1045 2365 1116 2385; x_wconf 85' lang='lat' dir='ltr'>non</span> <span class='ocrx_word' id='word_1_339' title='bbox 1142 2353 1280 2395; x_wconf 86' lang='lat' dir='ltr'>quidem</span> <span class='ocrx_word' id='word_1_340' title='bbox 1309 2355 1312 2394; x_wconf 77' lang='grc' dir='ltr'>Ι</span> <span class='ocrx_word' id='word_1_341' title='bbox 1341 2353 1375 2384; x_wconf 90' lang='lat' dir='ltr'>in</span> <span class='ocrx_word' id='word_1_342' title='bbox 1398 2358 1477 2385; x_wconf 89' lang='lat' dir='ltr'>actu</span> <span class='ocrx_word' id='word_1_343' title='bbox 1494 2353 1668 2394; x_wconf 88' lang='lat' dir='ltr'>completo</span> <span class='ocrx_word' id='word_1_344' title='bbox 1686 2362 1800 2392; x_wconf 87' lang='lat' dir='ltr'>neque</span> 
     </span>
    </p>
   </div>
   <div class='ocr_carea' id='block_1_5' title="bbox 328 2501 1803 2674">
    <p class='ocr_par' dir='ltr' id='par_1_5' title="bbox 328 2501 1803 2674">
     <span class='ocr_line' id='line_1_34' title="bbox 401 2501 1802 2549; baseline -0.004 -17"><span class='ocrx_word' id='word_1_345' title='bbox 401 2507 408 2521; x_wconf 90' lang='lat'>¹</span> <span class='ocrx_word' id='word_1_346' title='bbox 429 2506 456 2532; x_wconf 86' lang='lat' dir='ltr'>in</span> <span class='ocrx_word' id='word_1_347' title='bbox 477 2505 569 2540; x_wconf 81' lang='lat' dir='ltr'>asino]</span> <span class='ocrx_word' id='word_1_348' title='bbox 591 2514 645 2532; x_wconf 83' lang='lat' dir='ltr'>om.</span> <span class='ocrx_word' id='word_1_349' title='bbox 667 2505 696 2531; x_wconf 82' lang='lat' dir='ltr'>P.</span> <span class='ocrx_word' id='word_1_350' title='bbox 717 2522 749 2524; x_wconf 28' lang='lat' dir='ltr'><em>fi</em></span> <span class='ocrx_word' id='word_1_351' title='bbox 771 2506 780 2520; x_wconf 77' lang='lat'><strong>²</strong></span> <span class='ocrx_word' id='word_1_352' title='bbox 797 2510 894 2549; x_wconf 69' lang='lat' dir='ltr'>tamen</span> <span class='ocrx_word' id='word_1_353' title='bbox 915 2505 943 2530; x_wconf 90' lang='lat' dir='ltr'>P.</span> <span class='ocrx_word' id='word_1_354' title='bbox 960 2520 991 2523; x_wconf 89' lang='lat'><em>—</em></span> <span class='ocrx_word' id='word_1_355' title='bbox 1012 2505 1022 2520; x_wconf 77' lang='lat'>⁸</span> <span class='ocrx_word' id='word_1_356' title='bbox 1037 2505 1098 2531; x_wconf 75' lang='lat' dir='ltr'>istis</span> <span class='ocrx_word' id='word_1_357' title='bbox 1113 2505 1142 2530; x_wconf 90' lang='grc' dir='ltr'>Ρ.</span> <span class='ocrx_word' id='word_1_358' title='bbox 1156 2520 1189 2524; x_wconf 93' lang='lat'>—</span> <span class='ocrx_word' id='word_1_359' title='bbox 1211 2506 1218 2519; x_wconf 69' lang='lat'>&#39;¹</span> <span class='ocrx_word' id='word_1_360' title='bbox 1233 2504 1326 2539; x_wconf 84' lang='lat' dir='ltr'>primo</span> <span class='ocrx_word' id='word_1_361' title='bbox 1347 2504 1376 2530; x_wconf 82' lang='lat' dir='ltr'>P.</span> <span class='ocrx_word' id='word_1_362' title='bbox 1392 2519 1423 2522; x_wconf 91' lang='lat'>——</span> <span class='ocrx_word' id='word_1_363' title='bbox 1445 2504 1454 2518; x_wconf 77' lang='lat'>⁵</span> <span class='ocrx_word' id='word_1_364' title='bbox 1467 2503 1584 2538; x_wconf 88' lang='lat' dir='ltr'>ponitur</span> <span class='ocrx_word' id='word_1_365' title='bbox 1604 2503 1633 2528; x_wconf 85' lang='lat' dir='ltr'>P.</span> <span class='ocrx_word' id='word_1_366' title='bbox 1649 2518 1680 2520; x_wconf 76' lang='lat'>—</span> <span class='ocrx_word' id='word_1_367' title='bbox 1702 2503 1711 2515; x_wconf 76' lang='lat'>&#39;¹</span> <span class='ocrx_word' id='word_1_368' title='bbox 1731 2501 1802 2527; x_wconf 84' lang='lat' dir='ltr'>alias</span> 
     </span>
     <span class='ocr_line' id='line_1_35' title="bbox 328 2549 1023 2584; baseline -0.003 -8"><span class='ocrx_word' id='word_1_369' title='bbox 328 2550 447 2584; x_wconf 83' lang='lat' dir='ltr'>formas]</span> <span class='ocrx_word' id='word_1_370' title='bbox 463 2550 572 2576; x_wconf 76' lang='lat' dir='ltr'>formas</span> <span class='ocrx_word' id='word_1_371' title='bbox 588 2550 659 2576; x_wconf 83' lang='lat' dir='ltr'>alias</span> <span class='ocrx_word' id='word_1_372' title='bbox 674 2550 703 2575; x_wconf 83' lang='lat' dir='ltr'>P.</span> <span class='ocrx_word' id='word_1_373' title='bbox 719 2565 751 2568; x_wconf 27' lang='grc' dir='ltr'><strong>ἡ</strong></span> <span class='ocrx_word' id='word_1_374' title='bbox 768 2550 775 2564; x_wconf 78' lang='lat'>⁷</span> <span class='ocrx_word' id='word_1_375' title='bbox 796 2552 979 2575; x_wconf 79' lang='lat' dir='ltr'>remanentes</span> <span class='ocrx_word' id='word_1_376' title='bbox 995 2549 1023 2574; x_wconf 82' lang='lat' dir='ltr'>P.</span> 
     </span>
     <span class='ocr_line' id='line_1_36' title="bbox 419 2637 1803 2674; baseline -0.001 -9"><span class='ocrx_word' id='word_1_377' title='bbox 419 2640 454 2671; x_wconf 72' lang='lat'>(1)</span> <span class='ocrx_word' id='word_1_378' title='bbox 477 2640 507 2665; x_wconf 92' lang='lat' dir='ltr'>L.</span> <span class='ocrx_word' id='word_1_379' title='bbox 522 2640 561 2665; x_wconf 83' lang='lat' dir='ltr'>VI</span> <span class='ocrx_word' id='word_1_380' title='bbox 577 2639 710 2672; x_wconf 65' lang='lat' dir='ltr'>[211.V[1j,</span> <span class='ocrx_word' id='word_1_381' title='bbox 725 2648 748 2664; x_wconf 83' lang='lat' dir='ltr'>c.</span> <span class='ocrx_word' id='word_1_382' title='bbox 765 2640 795 2664; x_wconf 80' lang='lat'>17</span> <span class='ocrx_word' id='word_1_383' title='bbox 812 2646 849 2673; x_wconf 73' lang='lat' dir='ltr'>(p.</span> <span class='ocrx_word' id='word_1_384' title='bbox 866 2640 954 2664; x_wconf 70' lang='lat'>1041).</span> <span class='ocrx_word' id='word_1_385' title='bbox 970 2654 1001 2656; x_wconf 97' lang='lat'><strong>—</strong></span> <span class='ocrx_word' id='word_1_386' title='bbox 1020 2640 1056 2668; x_wconf 73' lang='grc'>(2)</span> <span class='ocrx_word' id='word_1_387' title='bbox 1079 2638 1108 2664; x_wconf 91' lang='lat' dir='ltr'>L.</span> <span class='ocrx_word' id='word_1_388' title='bbox 1124 2638 1163 2663; x_wconf 80' lang='lat' dir='ltr'>IV</span> <span class='ocrx_word' id='word_1_389' title='bbox 1179 2638 1223 2670; x_wconf 87' lang='lat' dir='ltr'>[al.</span> <span class='ocrx_word' id='word_1_390' title='bbox 1238 2637 1282 2670; x_wconf 72' lang='lat' dir='ltr'>V]‚</span> <span class='ocrx_word' id='word_1_391' title='bbox 1303 2646 1326 2663; x_wconf 89' lang='lat' dir='ltr'>c.</span> <span class='ocrx_word' id='word_1_392' title='bbox 1341 2638 1357 2663; x_wconf 80' lang='lat'>3</span> <span class='ocrx_word' id='word_1_393' title='bbox 1378 2646 1415 2671; x_wconf 73' lang='lat' dir='ltr'>(p.</span> <span class='ocrx_word' id='word_1_394' title='bbox 1432 2638 1518 2667; x_wconf 73' lang='lat'>1014).</span> <span class='ocrx_word' id='word_1_395' title='bbox 1543 2640 1678 2673; x_wconf 71' lang='grc' dir='ltr'><strong>Στοιχεῖον</strong></span> <span class='ocrx_word' id='word_1_396' title='bbox 1699 2637 1803 2674; x_wconf 73' lang='grc' dir='ltr'>λέγεται</span> 
     </span>
    </p>
   </div>
   <div class='ocr_carea' id='block_1_6' title="bbox 1266 2680 1272 2687">
    <p class='ocr_par' dir='ltr' id='par_1_6' title="bbox 1266 2680 1272 2687">
     <span class='ocr_line' id='line_1_37' title="bbox 1266 2680 1272 2687; baseline 0 0"><span class='ocrx_word' id='word_1_397' title='bbox 1266 2680 1272 2687; x_wconf 65' lang='grc' dir='ltr'>ι</span> 
     </span>
    </p>
   </div>
   <div class='ocr_carea' id='block_1_7' title="bbox 330 2679 1493 2718">
    <p class='ocr_par' dir='ltr' id='par_1_7' title="bbox 330 2679 1493 2718">
     <span class='ocr_line' id='line_1_38' title="bbox 330 2679 1493 2718; baseline -0.003 -10"><span class='ocrx_word' id='word_1_398' title='bbox 330 2682 354 2713; x_wconf 79' lang='grc' dir='ltr'>ἐξ</span> <span class='ocrx_word' id='word_1_399' title='bbox 376 2683 406 2708; x_wconf 71' lang='grc' dir='ltr'>οὗ</span> <span class='ocrx_word' id='word_1_400' title='bbox 428 2682 562 2718; x_wconf 75' lang='grc' dir='ltr'>σύγκειται</span> <span class='ocrx_word' id='word_1_401' title='bbox 582 2682 692 2717; x_wconf 69' lang='grc' dir='ltr'>πρώτου</span> <span class='ocrx_word' id='word_1_402' title='bbox 714 2681 921 2716; x_wconf 66' lang='grc' dir='ltr'>ἐνυπάρχοντος,</span> <span class='ocrx_word' id='word_1_403' title='bbox 946 2680 1091 2716; x_wconf 66' lang='grc' dir='ltr'>ἀδιαιρέτου</span> <span class='ocrx_word' id='word_1_404' title='bbox 1113 2685 1150 2715; x_wconf 80' lang='grc' dir='ltr'>τῷ</span> <span class='ocrx_word' id='word_1_405' title='bbox 1172 2679 1231 2706; x_wconf 68' lang='grc' dir='ltr'>εἴδει</span> <span class='ocrx_word' id='word_1_406' title='bbox 1254 2691 1287 2710; x_wconf 65' lang='grc' dir='ltr'>εις</span> <span class='ocrx_word' id='word_1_407' title='bbox 1310 2680 1396 2714; x_wconf 72' lang='grc' dir='ltr'>ἕτερον</span> <span class='ocrx_word' id='word_1_408' title='bbox 1418 2681 1493 2709; x_wconf 70' lang='grc' dir='ltr'>εἶδος.</span> 
     </span>
    </p>
   </div>
   <div class='ocr_carea' id='block_1_8' title="bbox 1667 2716 1698 2741">
    <p class='ocr_par' dir='ltr' id='par_1_8' title="bbox 1667 2716 1698 2741">
     <span class='ocr_line' id='line_1_39' title="bbox 1667 2716 1698 2741; baseline -0.032 0"><span class='ocrx_word' id='word_1_409' title='bbox 1667 2716 1698 2741; x_wconf 81' lang='lat'>15</span> 
     </span>
    </p>
   </div>
   <div class='ocr_carea' id='block_1_9' title="bbox 972 2120 1814 2165">
    <p class='ocr_par' dir='ltr' id='par_1_9' title="bbox 972 2120 1814 2165">
     <span class='ocr_line' id='line_1_40' title="bbox 972 2120 1814 2165; baseline -0.002 -12"><span class='ocrx_word' id='word_1_410' title='bbox 972 2122 1217 2154; x_wconf 76' lang='lat' dir='ltr'>substantiales</span> <span class='ocrx_word' id='word_1_411' title='bbox 1245 2121 1573 2163; x_wconf 87' lang='lat' dir='ltr'>incompletissimae</span> <span class='ocrx_word' id='word_1_412' title='bbox 1599 2121 1651 2152; x_wconf 83' lang='lat' dir='ltr'>vel</span> <span class='ocrx_word' id='word_1_413' title='bbox 1676 2120 1814 2165; x_wconf 17' lang='lat' dir='ltr'>imper-V</span> 
     </span>
    </p>
   </div>
   <div class='ocr_carea' id='block_1_10' title="bbox 1823 2346 1989 2409">
    <p class='ocr_par' dir='ltr' id='par_1_10' title="bbox 1823 2346 1989 2409">
     <span class='ocr_line' id='line_1_41' title="bbox 1857 2346 1958 2373; baseline -0.01 0"><span class='ocrx_word' id='word_1_414' title='bbox 1857 2346 1921 2373; x_wconf 84' lang='lat' dir='ltr'>cod.</span> <span class='ocrx_word' id='word_1_415' title='bbox 1936 2346 1958 2372; x_wconf 81' lang='lat' dir='ltr'>P</span> 
     </span>
     <span class='ocr_line' id='line_1_42' title="bbox 1823 2383 1989 2409; baseline 0 -1"><span class='ocrx_word' id='word_1_416' title='bbox 1823 2383 1872 2409; x_wconf 86' lang='lat' dir='ltr'>fol.</span> <span class='ocrx_word' id='word_1_417' title='bbox 1885 2384 1934 2409; x_wconf 67' lang='lat'>146</span> <span class='ocrx_word' id='word_1_418' title='bbox 1948 2383 1989 2408; x_wconf 77' lang='lat' dir='ltr'>Ra</span> 
     </span>
    </p>
   </div>
  </div>
 </body>
</html>
