2493 3458
623 402 639 426 6
987 398 1173 425 MAGISTRJ
1205 397 1420 423 GODEFRJDI
1452 397 1502 422 DE
1531 396 1727 423 FONTlBl'S

1200 642 1438 683 QUAESTIO
1465 642 1515 673 ΙΙΙ.

863 756 1002 794 Utrum
1027 755 1066 791 iu
1093 754 1248 792 Christo
1267 754 1350 790 sint
1367 754 1472 790 duae
1480 753 1703 803 filiationes
1725 753 1859 797 reales,

707 836 788 859 una
810 835 889 872 qua
908 821 1187 870 diciturfilius
1210 820 1346 857 Patris
1366 820 1414 856 ab
1434 822 1592 856 aeterno
1612 822 1648 856 et
1665 819 1748 856 alia
1769 832 1847 869 qua
1868 820 2023 856 dicitur

1079 887 1200 937 filius
1220 887 1362 923 matris
1381 899 1428 923 ex
1447 889 1627 934 tempore.

470 1053 587 1099 ch-‚Py
716 1052 981 1092 Consequenter
1009 1050 1098 1082 circa
1128 1049 1360 1091 competentia
1390 1049 1464 1080 Deo
1494 1049 1685 1080 secundum
1716 1055 1894 1090 utramque
1924 1056 2089 1087 naturam,

440 1089 489 1115 Μ’
504 1089 603 1115 mista
626 1109 775 1141 divinam
794 1108 925 1141 scilicet
941 1114 973 1140 et
992 1113 1202 1149 assumptam
1222 1107 1255 1138 in
1273 1106 1421 1144 Christo,
1438 1106 1666 1147 quaerebatur
1691 1117 1806 1142 unum,
1825 1106 1954 1138 scilicet
1979 1114 2094 1139 utrum

627 1167 659 1198 in
693 1166 831 1198 Christo
863 1165 930 1197 sint
963 1166 1052 1196 duae
1086 1164 1266 1196 filiationes
1299 1164 1418 1202 reales,
1448 1175 1516 1195 una
1545 1174 1611 1204 qua
1641 1163 1763 1195 dicitur
1792 1164 1880 1195 tilius
1910 1164 2018 1196 Patris
2047 1166 2091 1196 al)

627 1230 767 1256 aeterno
786 1230 818 1256 et
836 1223 900 1255 alia
917 1234 984 1264 qua
1002 1222 1124 1254 (licitur
1142 1222 1229 1253 filius
1248 1221 1362 1252 matris
1388 1232 1428 1253 ex
1455 1228 1619 1262 tempore.
1639 1221 1680 1252 Et
1705 1222 1914 1261 arguebatur
1938 1223 2030 1263 quod
2057 1223 2091 1254 in

627 1282 764 1314 Christo
789 1281 856 1312 sint
880 1281 968 1312 (luae
994 1280 1174 1311 filiationes
1200 1279 1318 1314 reales,
1345 1278 1423 1320 quia
1450 1278 1629 1320 pluralitati
1649 1279 1851 1310 relationum
1878 1279 2090 1311 diversorum

627 1339 872 1381 principiorum
902 1338 945 1369 ad
978 1337 1111 1368 diversa
1146 1336 1349 1378 principiam
1383 1336 1570 1377 respondet
1604 1335 1784 1367 diversitas
1816 1336 2017 1368 relationum
2051 1348 2091 1368 ex

626 1402 722 1439 parte
748 1395 1038 1438 principiatorum.
1058 1395 1127 1425 Sed
1154 1394 1253 1425 Pater
1278 1399 1438 1425 aeternus
1464 1399 1496 1424 et
1517 1399 1623 1425 mater
1644 1393 1842 1434 temporalis
1860 1401 1940 1425 sunt
1957 1394 2092 1426 diversa

627 1453 795 1496 principia
812 1453 939 1485 Christi
958 1452 1149 1484 secundum
1167 1451 1321 1482 diversas
1339 1457 1478 1482 naturas
1498 1450 1530 1482 in
1557 1450 1705 1484 Christo.
1731 1457 1763 1482 et
1789 1450 1933 1482 diversis
1959 1451 2092 1483 relatio-

627 1511 728 1543 nibus
754 1511 902 1543 realibus
927 1510 990 1542 ista
1015 1509 1149 1541 diversa
1175 1508 1342 1550 principia
1360 1508 1553 1539 referuntur
1571 1508 1612 1539 ad
1635 1508 1809 1539 Christum
1827 1508 1960 1541 ratione
1977 1509 2092 1541 huius-

627 1569 720 1601 modi
752 1568 962 1600 diversarum
996 1573 1202 1598 naturarum.
1242 1566 1333 1607 Ergo
1370 1566 1522 1598 similiter
1557 1565 1590 1597 in
1627 1565 1765 1597 Christo
1801 1572 1900 1598 erunt
1936 1567 2093 1600 diversae

627 1626 811 1659 relationes
839 1626 950 1657 reales
979 1625 1051 1656 istis
1080 1624 1407 1665 correspondentes,
1433 1623 1558 1664 quibus
1584 1624 1626 1654 ad
1652 1624 1740 1655 haec
1765 1623 1900 1655 diversa
1925 1624 2092 1667 principia

628 1684 857 1716 diversimode
882 1683 1084 1715 referuntur.
1110 1681 1180 1714 Sed
1206 1692 1274 1712 una
1300 1681 1462 1713 filiatione
1487 1681 1567 1712 reali
1593 1681 1736 1713 refertur
1760 1681 1803 1712 ad
1829 1681 1963 1713 Patrem
1987 1689 2092 1714 aeter-

628 1753 720 1774 num.
747 1741 838 1783 Ergo
864 1741 927 1772 alia
953 1739 1116 1771 filiatione
1134 1739 1235 1771 etiam
1260 1739 1342 1771 reali
1360 1739 1368 1755 ¹
1393 1738 1583 1771 referetur²
1607 1739 1649 1770 ad
1676 1745 1827 1770 matrem.

717 1799 856 1831 Contra.
886 1799 922 1830 In
952 1808 1022 1829 uno
1050 1803 1083 1829 et
1111 1797 1234 1829 eodem
1264 1796 1420 1828 subiecto
1450 1797 1501 1828 vel
1530 1796 1712 1838 supposito
1741 1806 1810 1827 non
1840 1803 1988 1838 possunt
2015 1808 2093 1830 esse

470 1859 570 1885 cod.V
628 1858 726 1899 plura
754 1855 948 1888 accidentia
972 1855 1048 1887 solo
1073 1865 1216 1886 numero
1241 1853 1443 1891 differentia,
1469 1859 1587 1895 utpote
1613 1853 1646 1884 in
1672 1854 1795 1885 eodem
1820 1854 1961 1886 homine
1989 1856 1992 1894 Ι
2021 1866 2091 1887 non

437 1894 549 1920 f01.252
560 1894 601 1919 Va
629 1920 775 1956 possunt
804 1924 881 1945 esse
910 1913 999 1944 duae
1028 1911 1226 1949 albedines3
1255 1922 1339 1954 ergo
1369 1911 1521 1943 similiter
1549 1921 1614 1943 nec
1639 1911 1728 1943 duae
1753 1911 1934 1943 filiationes
1960 1912 2093 1944 realiter

630 1972 839 2004 differentes
866 1971 982 2011 Quare
1008 1976 1041 2001 et
1066 1975 1190 2001 cetera.

717 2029 929 2070 Respondeo
950 2027 1135 2059 dicendum
1154 2027 1247 2068 quod
1265 2027 1333 2058 hoc
1351 2033 1401 2058 est
1419 2026 1595 2067 singulare
1613 2026 1645 2057 in
1673 2026 1820 2062 Christo,
1839 2027 1932 2068 quod
1958 2027 1991 2058 in
2017 2027 2093 2069 ipso

630 2093 682 2119 est
706 2092 836 2118 tantum
861 2097 966 2117 unum
992 2084 1209 2127 suppositum
1227 2083 1421 2116 subsistens
1439 2090 1552 2115 tamen
1571 2083 1604 2115 in
1623 2084 1757 2115 duabus
1775 2084 1904 2116 naturis
1921 2085 2093 2126 perfectis,

629 2155 771 2186 quarum
790 2143 962 2185 quaelibet
978 2148 1057 2174 nata
1075 2148 1127 2174 est
1144 2143 1178 2173 in
1197 2141 1336 2184 proprio
1362 2142 1544 2183 supposito
1569 2141 1767 2173 subsistere.
1794 2141 1836 2173 Et
1859 2148 2025 2183 quantum
2050 2143 2094 2174 ad

629 2201 866 2244 quaestionem
898 2200 1109 2242 propositam
1143 2206 1176 2231 et
1207 2205 1373 2241 quantum
1398 2199 1441 2230 ad
1464 2199 1631 2240 quasdam
1657 2199 1739 2230 alias
1764 2199 1987 2240 quaestiones
2011 2200 2097 2232 diffi-

629 2260 774 2291 cultates
791 2258 960 2300 speciales
978 2257 1141 2295 oriuntur,
1159 2257 1238 2299 quia
1263 2257 1433 2298 quaedam
1459 2256 1618 2288 videntur
1642 2256 1674 2287 in
1701 2256 1840 2289 Christo
1865 2258 2093 2290 concedenda

630 2323 770 2359 propter
793 2315 1024 2348 diversitatem
1049 2321 1246 2347 naturarum
1271 2325 1360 2356 quae
1385 2314 1547 2357 neganda
1575 2314 1735 2346 videntur
1759 2320 1899 2356 propter
1924 2315 2094 2357 suppositi

630 2374 804 2406 unitatem.
837 2374 981 2415 Propter
1012 2373 1105 2414 quod
1138 2372 1228 2405 circa
1260 2378 1479 2414 praesentem
1512 2372 1751 2413 quaestionem
1783 2372 1873 2404 duae
1909 2372 2094 2414 opiniones

630 2433 804 2465 solemnes
832 2432 1061 2464 inveniuntur.
1091 2429 1269 2471 Quidam³
1296 2430 1386 2462 enim
1415 2431 1457 2461 ad
1486 2429 1651 2461 unitatem
1680 2429 1850 2471 suppositi
1875 2431 2094 2463 attendentes

631 2491 749 2523 dicunt
767 2491 860 2532 quod
878 2500 956 2522 eum
972 2489 983 2505 ⁴
1000 2488 1160 2520 filiatio...

721 2634 728 2648 ¹
749 2641 802 2659 om.
823 2632 852 2657 P.
873 2647 905 2650 —
926 2631 936 2646 ⁴³
955 2630 1077 2657 refertur
1097 2630 1127 2655 P.
1147 2645 1179 2648 ——
1200 2630 1210 2645 ³
1230 2629 1373 2664 quaedam
1394 2629 1424 2654 P.
1446 2645 1476 2647 —
1497 2631 1506 2644 ⁴
1526 2637 1581 2654 om.
1601 2629 1633 2654 P.
