2493 3458
525 622 589 649 eod.
601 623 626 648 V

496 657 545 685 fol.
556 659 607 685 255
622 658 661 685 Ra

683 443 716 466 28
1046 440 1233 467 MAGlSTRl
1265 440 1481 466 GODEFRIDI
1512 440 1562 466 DE
1592 440 1787 467 FONTIBUS

683 540 745 572 per
761 540 925 572 expressa
950 529 1050 563 etiarn
1076 529 1188 561 conici
1215 534 1330 571 potest
1355 528 1465 570 ipsum
1491 529 1680 571 exprimere
1706 529 1856 561 voluisse
1881 530 1907 561 si
1933 530 2147 562 advertisset.

683 587 963 629 Supponendum
988 593 1040 619 est
1057 592 1169 618 autern
1188 587 1281 628 quod
1300 586 1384 628 ipse,
1402 591 1567 627 quantum
1586 587 1629 618 ad
1647 597 1717 618 non
1740 597 1914 629 expressa,
1932 587 2098 619 voluisset
2114 587 2148 619 in

683 644 802 676 habitu
827 651 861 677 et
885 644 1112 686 expressisset
1140 646 1143 684 Ι
1173 644 1200 675 si
1225 643 1438 681 advertisset,
1464 654 1552 685 quae
1578 644 1699 676 rationi
1725 651 1843 676 essent
1867 645 1977 687 magis
2003 656 2148 677 consen-

683 708 784 734 tanea
801 701 892 735 circa
910 712 950 734 ea
967 712 1056 743 quae
1077 712 1241 744 expressa
1259 702 1302 732 ab
1320 701 1396 743 ipso
1414 701 1675 744 contingebant.
1699 701 1734 734 Si
1761 712 1844 745 ergo
1870 702 1992 744 aliquis
2017 703 2123 734 voluit
2142 703 2149 719 ¹

682 765 715 792 et
739 759 843 801 elegit
868 770 1031 801 expresse
1056 759 1192 801 sepeliri
1218 769 1346 800 corpus
1371 769 1470 790 suum
1489 758 1689 800 simpliciter
1706 765 1738 791 et
1756 760 1924 798 absolute,
1943 760 2035 791 nulla
2053 766 2148 802 parte

681 823 836 859 excepta,
862 817 896 848 in
927 817 1042 858 aliquo
1070 817 1148 848 loco
1177 827 1277 848 sacro
1306 822 1338 848 et
1367 827 1514 859 magnae
1545 816 1735 848 sanctitatis
1764 823 1797 848 et
1825 817 2047 855 reverentiae,
2077 823 2147 849 tum

681 880 822 917 propter
854 874 1084 916 praesentiam
1113 880 1310 906 sanctarum
1344 873 1561 915 reliquiarum
1595 880 1628 906 et
1660 874 1869 912 huiusmodi,
1905 881 1976 906 tum
2010 880 2149 917 propter

680 932 910 975 praesentiam
932 932 1030 973 quasi
1048 931 1200 963 omnium
1219 931 1478 973 progenitorum
1497 942 1637 963 suorum
1664 938 1697 963 et
1722 932 1930 968 huiusmodi,
1949 943 2149 974 supponen-

681 991 761 1022 dum
787 995 839 1021 est
863 990 957 1031 quod
982 989 1089 1021 voluit
1114 989 1240 1021 ibidem
1266 988 1413 1030 sepeliri,
1439 995 1569 1030 quanto
1595 989 1762 1031 integrius
1788 989 1858 1021 fieri
1875 989 1886 1006 ²
1911 996 2029 1031 posset
2053 990 2148 1022 bono

680 1048 795 1079 modo.
815 1047 892 1079 Hoc
909 1053 1023 1079 autem
1041 1047 1224 1079 commode
1245 1046 1317 1078 fieri
1335 1046 1346 1063 ³
1362 1052 1490 1087 posset,
1509 1046 1535 1077 si
1554 1046 1771 1087 contingeret
1793 1057 1870 1078 eum
1889 1047 1974 1078 mori
1993 1047 2025 1078 in
2043 1047 2053 1064 ⁴
2070 1048 2148 1080 loco

680 1105 876 1147 propinquo
909 1105 986 1136 loco
1019 1105 1227 1146 sepulturae.
1262 1104 1302 1135 Et
1335 1103 1414 1135 ideo
1447 1103 1646 1145 simpliciter
1683 1104 1869 1136 dicendum
1907 1111 1999 1136 esset
2036 1104 2147 1146 ipsum

680 1162 832 1194 voluisse
857 1163 950 1203 quod
975 1172 1053 1193 cum
1079 1162 1170 1194 omni
1197 1161 1390 1202 integritate
1416 1161 1617 1202 sepeliretur
1642 1161 1779 1194 ibidem.
1798 1168 1831 1193 et
1848 1162 1941 1203 quod
1960 1162 2051 1193 nulla
2070 1173 2149 1204 pars

679 1220 835 1262 corporis
864 1230 929 1251 nec.
958 1219 1098 1251 interior
1125 1230 1191 1251 nec
1219 1218 1366 1251 exterior
1399 1219 1541 1250 deberet
1571 1230 1589 1250 a
1619 1230 1765 1260 corpore
1795 1219 1946 1260 separari
1977 1220 2020 1251 ad
2051 1230 2149 1262 sepe-

678 1277 831 1310 liendum
857 1277 891 1308 in
917 1277 984 1308 alio
1001 1278 1090 1308 loco.

767 1335 836 1367 Sed
863 1334 890 1366 si
916 1335 1133 1377 contingeret
1158 1334 1270 1376 ipsum
1296 1335 1380 1366 mori
1407 1335 1439 1366 in
1467 1335 1620 1376 partibus
1646 1335 1787 1365 multum
1815 1334 1954 1366 remotis
1979 1346 1997 1365 a
2023 1335 2149 1376 quibus

678 1404 749 1425 non
766 1398 885 1435 posset
903 1392 1027 1424 deferri
1045 1402 1122 1424 cum
1141 1392 1298 1423 faecibus
1317 1403 1382 1424 nec
1400 1393 1500 1424 etiam
1519 1403 1596 1423 cum
1617 1391 1836 1423 interioribus
1855 1391 1918 1423 nisi
1942 1402 2019 1424 cum
2045 1392 2149 1424 nimia

677 1450 889 1488 difficultate,
900 1455 1090 1492 -propter
1102 1450 1195 1491 quod
1210 1451 1403 1481 secundum
1419 1450 1594 1491 antiquam
1609 1449 1899 1481 consuetudinem
1914 1449 2061 1482 maiores
2075 1461 2148 1492 per-

676 1518 794 1547 sonae,
813 1514 846 1540 et
863 1507 1050 1549 praecipue
1068 1507 1209 1549 praelati
1236 1514 1268 1539 et
1294 1507 1469 1549 principes·
1495 1507 1527 1538 in
1554 1507 1692 1539 remotis
1719 1507 1873 1549 partibus
1899 1507 2096 1546 morientes,
2115 1507 2147 1539 in

625 1582 627 1585 ·
675 1571 798 1598 terram
823 1565 856 1597 in
882 1576 949 1607 qua
974 1565 1153 1607 elegerunt
1177 1565 1312 1607 sepeliri
1338 1576 1416 1597 cum
1443 1564 1639 1596 huiusmodi
1667 1564 1885 1597 interioribus
1911 1576 1981 1596 non
2001 1576 2148 1597 consue-

519 1726 582 1753 cod.
597 1727 619 1753 P

489 1762 538 1789 fol.
552 1764 602 1790 138
613 1763 653 1788 Va

675 1629 797 1656 verunt
814 1623 949 1661 deferri,
969 1642 1008 1646 -
1026 1633 1096 1654 non
1115 1629 1167 1654 est
1184 1624 1454 1664 supponendum
1473 1623 1566 1664 quod
1585 1622 1730 1654 voluerit
1748 1633 1825 1654 cum
1844 1622 2045 1654 omnimoda
2064 1622 2147 1654 inte-

675 1680 798 1723 gritate
815 1680 950 1723 sepeliri
968 1680 1002 1712 in
1014 1680 1025 1696 ⁶
1038 1681 1118 1713 loco
1136 1680 1324 1722 praedicte.
1340 1681 1413 1712 Nec
1427 1680 1697 1722 supponendum
1717 1686 1769 1712 est
1786 1681 1879 1721 quod
1897 1681 1940 1711 ad
1958 1681 2026 1712 hoc
2040 1680 2148 1712 inten-

676 1738 789 1771 derit‘³
808 1739 971 1770 heredem
997 1749 1097 1770 suum
1122 1738 1287 1779 obligare,
1306 1739 1399 1779 quod
1427 1748 1503 1769 cum
1530 1738 1632 1769 tantis
1656 1748 1696 1769 ex
1725 1740 1728 1778 Ι
1759 1737 1876 1779 pensis
1895 1744 1927 1769 et
1945 1738 2147 1770 difficultate

675 1796 787 1838 ipsum
806 1796 849 1828 ad
866 1797 981 1828 locum
999 1796 1197 1837 sepulturae
1215 1795 1412 1837 praedictae
1431 1796 1598 1833 deferrem
1613 1796 1674 1827 sed
1692 1795 1963 1837 supponendum
1984 1802 2036 1827 est
2053 1796 2146 1837 quod

675 1854 782 1887 voluit
807 1854 899 1896 quod
925 1853 1087 1885 interiora
1112 1864 1185 1891 sua,
1211 1853 1299 1884 sicut
1324 1859 1357 1885 et
1381 1854 1425 1884 de
1451 1853 1669 1884 interioribusv
1695 1853 1837 1884 aliorum
1864 1852 1937 1885 fieri
1964 1853 2147 1885 consuevit

673 1911 901 1954 sepelirentur
918 1911 951 1943 in
977 1912 1056 1944 loco
1073 1911 1107 1942 in
1129 1921 1198 1952 quo
1223 1910 1442 1953 contingeret
1467 1911 1578 1952 ipsum
1605 1910 1701 1947 mori,
1727 1910 1792 1942 nisi
1817 1911 1904 1942 forte
1929 1910 2147 1954 contingeret

673 1970 730 2002 illa
754 1980 831 2002 cum
856 1968 1043 2011 praedictis
1069 1968 1232 2010 expensis
1257 1974 1290 2000 et
1315 1968 1516 2000 difficultate
1535 1969 1577 1999 ad
1597 1969 1710 2000 locum
1730 1968 1928 2010 praedictae
1946 1969 2146 2010 sepulturae

674 2027 797 2060 deferri
813 2026 833 2058 ⁷.
852 2027 894 2058 Et
911 2027 955 2058 ita
973 2026 1172 2064 dicendum,
1191 2026 1284 2067 quod
1302 2025 1331 2057 si
1349 2026 1392 2058 de
1413 2025 1633 2057 interioribus
1659 2036 1748 2067 quae
1773 2025 1903 2057 extrahi
1929 2026 2147 2069 contingeret

673 2095 739 2118 nec
764 2095 842 2117 cum
867 2094 1013 2126 corpore
1039 2084 1254 2116 deferrentur
1278 2084 1405 2115 nullam
1431 2083 1559 2115 faceret
1585 2083 1850 2125 dispositionem
1869 2083 2055 2126 specialem
2065 2083 2085 2121 ⁸,
2102 2084 2145 2116 de

672 2143 745 2175 iure
770 2142 944 2175 communi
970 2140 1163 2174 deberent⁹
1189 2141 1324 2183 sepeliri
1350 2141 1384 2172 in
1409 2142 1487 2173 loco
1513 2141 1547 2172 in
1572 2152 1642 2182 quo
1668 2141 1780 2182 ipsum
1806 2141 1986 2173 discedere
2013 2141 2145 2173 contin-

671 2206 778 2244 geret,
796 2200 989 2232 secundum
1007 2199 1080 2231 iura
1097 2204 1131 2231 et
1155 2198 1428 2231 consuetudines
1454 2198 1579 2240 quibus
1605 2204 1747 2231 cavetur
1771 2198 1920 2230 viatores
1945 2209 2023 2231 esse
2047 2209 2146 2240 sepe-

671 2258 807 2290 liendos
824 2257 882 2289 ubi
899 2257 1101 2294 moriuntur,
1119 2267 1161 2288 ex
1179 2267 1248 2298 quo
1265 2266 1336 2288 non
1355 2257 1534 2299 elegerunt
1551 2256 1763 2298 sepulturam
1781 2256 1814 2287 ¹⁰.

761 2316 832 2348 Sed
849 2315 877 2347 si
894 2314 1112 2357 contingeret
1129 2314 1223 2355 quod
1240 2315 1340 2345 heres
1366 2325 1407 2346 ex
1431 2313 1541 2356 gratia
1566 2320 1599 2345 et
1624 2315 1815 2345 reverentia
1839 2314 1883 2345 ad
1909 2319 2041 2355 patrem
2066 2314 2144 2356 plus

671 2374 772 2406 vellet
796 2373 910 2405 facere
935 2383 1037 2414 quam
1063 2371 1308 2415 intelligeretur
1332 2371 1362 2403 ei
1388 2371 1588 2403 incumbere
1607 2382 1648 2403 ex
1673 2371 1849 2403 voluntate
1866 2371 2065 2413 expressa¹¹
2090 2372 2143 2403 vel

671 2430 834 2473 implicita
851 2430 959 2472 ipsius
979 2429 1095 2472 patris,
1114 2435 1233 2471 utpote
1254 2429 1282 2460 si
1299 2429 1423 2461 nolens
1441 2439 1582 2470 parcere
1600 2428 1775 2460 laboribus
1797 2434 1830 2460 et
1847 2428 2010 2470 expensis
2035 2428 2144 2460 voluit

671 2488 721 2521 sic
746 2489 861 2521 facere
885 2487 1047 2519 interiora
1071 2487 1105 2519 in
1131 2492 1204 2518 toto
1229 2487 1283 2518 vel
1307 2486 1342 2518 in
1366 2492 1462 2528 parte
1488 2486 1685 2528 praeparari
1703 2487 1797 2528 quod
1815 2486 1859 2517 ad
1876 2487 1991 2518 locum
2009 2496 2029 2517 a
2045 2492 2142 2528 patre

761 2645 768 2659 ¹
782 2642 925 2678 contingit
938 2643 968 2668 P.
982 2658 1015 2661 —
1030 2642 1040 2657 ²
1053 2646 1120 2668 sunt
1139 2641 1172 2667 V.
1187 2657 1219 2660 —-
1234 2642 1244 2656 ³
1256 2642 1331 2667 bene
1345 2642 1414 2667 add.
1429 2641 1458 2667 P.
1473 2657 1506 2660 —
1522 2643 1530 2656 ⁸
1544 2650 1598 2667 om.
1613 2641 1643 2667 P.
1658 2657 1690 2660 -
1708 2641 1718 2655 ⁵
1731 2649 1785 2666 om.
1799 2641 1832 2666 V.
1848 2657 1880 2660 —
1895 2641 1906 2655 ⁶
1919 2640 1956 2666 ad
1976 2641 2031 2667 hoc
2051 2641 2142 2667 inten-

671 2687 755 2721 derit]
775 2686 932 2713 intenderit
949 2686 986 2712 ad
1005 2686 1060 2712 hoe
1075 2686 1104 2711 P.
1119 2701 1152 2704 —
1170 2686 1178 2700 ⁷
1197 2685 1250 2711 sed
1264 2701 1296 2703 —
1312 2684 1428 2718 deferri]
1444 2694 1498 2710 om.
1518 2685 1548 2710 P.
1570 2701 1602 2704 —
1624 2685 1634 2699 ⁸
1652 2684 1774 2721 speciali
1794 2685 1824 2710 P.
1845 2700 1877 2703 —
1897 2685 1908 2699 ⁹
1927 2684 2036 2711 debent
2057 2685 2087 2711 P.
2109 2700 2142 2704 --

673 2732 693 2747 ¹⁰
705 2730 855 2770 sepultura
869 2730 902 2756 V.
923 2745 955 2749 -—
973 2731 991 2745 ¹¹
1006 2729 1149 2767 impressa
1162 2729 1223 2756 PV.
