2493 3458
489 1119 553 1147 cod.
569 1120 589 1145 S

464 1155 514 1182 fol.
529 1157 563 1182 42
576 1156 614 1181 Vb

642 398 694 423 ³04
1008 394 1199 422 MAGlS'rffl
1229 394 1447 422 GODEF'RIDI
1478 395 1529 421 DE
1557 394 1756 422 FONTIBUS

643 493 744 512 cursus
767 490 795 512 et
818 494 943 512 currere.
965 485 1042 518 Ergo
1063 494 1078 511 a
1098 484 1183 511 simili
1206 493 1260 511 nec
1283 484 1354 510 ista:
1378 484 1514 516 essentia,
1534 492 1586 510 ens
1609 487 1638 510 et
1661 492 1737 515 esse,
1760 490 1836 518 quae
1857 491 1889 510 se
1912 483 2021 510 hahent
2043 483 2120 510 sicut

643 543 749 561 nomen
779 535 958 561 abstractum
978 538 1007 560 et
1035 542 1141 560 nomen
1171 534 1357 560 concretum·
1379 537 1407 559 et
1428 533 1547 558 verbum
1560 532 1576 558 ³.
1599 532 1629 559 Si
1659 532 1772 558 dicatur
1792 532 1870 567 quod
1891 540 1944 558 ens
1969 532 2048 567 quod
2073 535 2120 558 est

644 592 750 610 nomen
780 583 848 609 nihil
875 582 956 609 addit
982 591 1070 617 super
1094 581 1260 614 essentiam,
1286 581 1338 608 sed
1364 590 1416 608 ens
1441 581 1520 616 quod
1546 585 1591 607 est
1618 581 1802 616 participium
1829 580 1911 607 addit
1926 581 1945 613 ¹,
1970 570 2039 607 nifiil
2065 584 2119 607 est.

645 632 721 666 Quia
741 631 815 658 sicut
834 632 937 666 legens
956 631 1018 657 sive
1039 630 1200 666 accipiatur
1219 635 1250 656 ut
1269 639 1375 656 nomen
1395 631 1457 656 sive
1477 634 1508 656 ut
1528 629 1723 665 participium,
1739 638 1855 664 semper
1875 629 1951 655 idem
1971 628 2120 664 significat

644 688 708 706 cum
730 679 821 706 verbo
842 679 919 714 quod
943 683 988 704 est
1010 678 1118 711 legere,
1140 686 1194 704 nec
1217 682 1262 704 est
1284 677 1449 704 differentia
1473 677 1526 703 nisi
1551 677 1578 703 in
1603 677 1691 703 modo
1715 677 1918 711 significandi;
1940 676 2016 703 sicut
2038 680 2121 712 patet

645 737 696 763 per
720 727 873 755 Boethium
894 729 942 759 (1).
969 735 1058 762 super
1084 726 1154 753 illud
1180 727 1299 753 verbum
1327 726 1559 752 Perihermcnias
1579 727 1617 755 (1)
1640 734 1645 751 ;
1681 726 1771 752 verba
1797 725 1956 752 secundum
1983 734 2016 752 se
2041 724 2120 752 dicta

645 777 761 803 nomina
786 781 861 808 sunt.
889 777 936 802 ubi
969 776 1039 802 dicit
1066 775 1206 802 Boethius
1232 775 1309 810 quod
1335 775 1437 808 legens
1467 774 1651 801 nominaliter
1677 774 1796 806 dietum,
1830 778 1860 800 et
1895 774 1998 808 legens
2031 773 2121 809 parti-

645 825 762 861 cipium,
782 829 810 852 et
830 825 928 860 legi-re
950 825 1068 851 verbum
1085 824 1160 851 idem
1184 824 1312 850 dicunt·.
1338 824 1421 850 Unde
1445 828 1472 849 et
1494 823 1688 858 Philosophus
1703 826 1751 855 (2),
1774 823 1875 858 quinto
1891 822 2121 858 Metaphysicae.

645 875 692 901 ubi
714 874 867 909 distinguit
886 873 1011 905 nomina,
1033 873 1092 900 vult
1113 873 1192 908 quod
1212 873 1349 908 quotiens
1369 872 1474 899 dicitur
1493 881 1554 905 ens,
1574 877 1603 898 et
1622 881 1696 898 esse.

735 923 819 950 Ratio
834 923 956 949 ultima⁶
978 931 1052 957 quae
1073 922 1194 948 sumitur
1208 931 1242 948 ex
1266 926 1348 956 parte
1371 921 1594 956 compositionis
1617 921 1683 947 talis
1707 924 1759 947 est.
1785 920 1861 955 Quia
1885 919 2061 956 compositio
2085 928 2121 946 ex

645 972 772 999 essentia
795 976 824 998 et
847 980 912 998 esse
927 976 975 997 aut
995 975 1040 997 est
1054 971 1230 1006 compositio
1254 979 1288 996 ex
1311 979 1382 1005 pura
1402 970 1532 1005 potentia
1553 974 1582 996 et
1602 974 1668 996 actu
1689 969 1860 1004 simpliciter
1871 970 1890 1002 ⁶,
1910 973 1959 996 aut
1979 973 2023 996 est
2043 977 2122 996 com·

646 1021 754 1056 positio
773 1030 809 1047 ex
829 1030 864 1047 eo
886 1019 964 1055 quod
984 1025 1028 1046 est
1049 1019 1076 1046 in
1098 1019 1228 1055 potentia
1249 1019 1408 1045 secundum
1430 1018 1499 1054 quid
1519 1023 1548 1045 et
1567 1027 1602 1045 ex
1627 1027 1662 1045 eo
1686 1018 1765 1054 quod
1788 1022 1832 1044 est
1855 1022 1938 1044 actus
1960 1017 2122 1044 secundum

647 1069 723 1104 quid.
739 1085 770 1089 —-
785 1069 816 1096 Si
837 1069 930 1104 primo
951 1068 1047 1101 modo,
1061 1068 1191 1103 sequitur
1205 1068 1283 1103 quod
1304 1067 1372 1094 illud
1386 1068 1393 1082 ⁷
1413 1067 1490 1102 quod
1506 1067 1610 1093 dicitur
1623 1067 1750 1093 essentia
1765 1067 1842 1102 quod
1862 1071 1907 1093 est
1927 1065 2122 1101 compositum

646 1127 681 1145 ex
706 1118 826 1145 materia
849 1123 878 1144 et
901 1117 994 1143 forma
1017 1117 1054 1143 sit
1079 1119 1083 1150 Ι
1109 1125 1181 1152 pura
1204 1116 1345 1152 potentia,
1369 1116 1447 1151 quod
1467 1120 1512 1142 est
1532 1116 1749 1142 inconveniens.
1773 1115 1911 1150 Sequitur
1932 1115 2020 1142 etiam
2044 1114 2124 1150 quod

647 1167 739 1194 illud‘*
761 1166 839 1202 quod
863 1167 980 1202 ponitur
1000 1166 1078 1201 quod
1093 1168 1104 1180 ¹⁵
1122 1166 1160 1192 sit
1182 1174 1257 1195 esse.
1279 1165 1315 1191 sit
1337 1166 1430 1191 forma
1453 1165 1662 1194 substantialis,
1682 1164 1750 1200 quia
1770 1170 1853 1191 actus
1871 1164 2044 1199 simpliciter
2065 1172 2123 1190 non

648 1221 691 1243 est
714 1216 768 1242 nisi
791 1215 883 1242 forma
910 1214 1118 1241 substantialis.
1134 1230 1165 1233 —
1180 1215 1210 1240 Si
1234 1214 1363 1240 secundo
1390 1214 1488 1244 modo,
1502 1218 1569 1240 tunc
1597 1213 1666 1240 illud
1684 1215 1701 1228 >⁰
1725 1213 1804 1248 quod
1831 1217 1953 1240 vocatur
1977 1222 2044 1239 esse
2069 1213 2123 1240 erit

648 1264 740 1290 forma
764 1263 972 1292 accidentalis:
996 1262 1062 1297 quia
1086 1262 1162 1288 sicut
1189 1262 1262 1288 inter
1288 1267 1383 1288 actum
1410 1261 1582 1296 simpliciter
1608 1266 1635 1287 et
1664 1266 1759 1288 actum
1786 1261 1946 1287 secundum
1973 1260 2042 1296 quid
2066 1269 2123 1287 non

647 1313 726 1339 cadit
752 1312 889 1342 medium,
916 1312 954 1338 ita
981 1311 1054 1338 inter
1081 1310 1251 1349 actum-qui
1281 1315 1325 1336 est
1354 1310 1446 1336 forma
1473 1309 1673 1336 substantialis
1703 1314 1731 1336 et
1761 1314 1857 1336 actum
1885 1309 1933 1344 qni
1959 1314 2004 1336 est
2030 1309 2124 1336 forma

648 1360 838 1388 accidentalis
865 1361 891 1386 in
918 1360 1016 1395 aliquo
1042 1368 1150 1393 genere
1177 1359 1338 1386 accidentis
1367 1359 1495 1385 existens
1521 1367 1578 1385 nnn
1605 1358 1683 1385 cmlii
1711 1358 1847 1384 medium.
1874 1358 1934 1385 Sed
1960 1358 2124 1384 subiectum

650 1411 760 1436 formae
790 1409 980 1436 accidentalis
994 1410 1011 1424 ¹¹
1042 1408 1285 1444 praeintelligitur
1304 1408 1476 1443 simpliciter
1495 1417 1561 1433 esse
1575 1408 1594 1423 ¹³
1624 1408 1677 1443 ipsi
1709 1407 1820 1433 formae
1841 1407 2025 1434 accidentali.
2046 1407 2124 1442 Ergo

648 1458 782 1485 subiecto
802 1458 881 1493 prius
903 1457 1108 1492 intelligitur*
1126 1456 1298 1492 simpliciter
1318 1466 1383 1482 esso:
1404 1461 1471 1482 ante
1494 1465 1575 1482 suum
1599 1465 1664 1482 esse
1682 1458 1699 1471 ¹¹
1724 1465 1782 1490 quo
1802 1456 1865 1490 ipsa
1880 1455 2052 1491 simpliciter
2071 1459 2125 1482 est.

650 1509 714 1534 Hoc
743 1511 839 1534 autem
863 1511 907 1533 est
931 1506 1119 1541 impossibile.
1145 1506 1214 1532 lileo
1233 1506 1252 1520 '·'·
1271 1510 1299 1531 et
1329 1510 1435 1532 cetera.
1457 1505 1491 1531 Et
1520 1505 1561 1531 sic
1591 1510 1672 1540 patet
1699 1504 1734 1530 ad
1762 1505 1883 1540 primam
1913 1504 2126 1539 quaestionem,

649 1557 761 1583 scilicet
781 1555 858 1591 quod
879 1565 945 1582 esse
965 1560 994 1581 et
1014 1555 1141 1581 essentia
1161 1554 1217 1580 sint
1238 1554 1314 1580 idem
1335 1563 1365 1580 re
1386 1553 1472 1580 etiam
1494 1554 1521 1579 in
1543 1554 1683 1580 creaturis
1698 1554 1724 1579 ¹⁰.

739 1665 785 1691 Ad
816 1664 975 1691 secundam
1008 1668 1104 1690 autem
1137 1663 1338 1698 quaestiunem
1369 1662 1524 1689 dicendum
1557 1662 1634 1697 quud
1663 1662 1686 1688 si
1716 1663 1754 1688 ita
1784 1667 1863 1688 esset
1892 1662 1971 1697 quod
2001 1670 2066 1688 esse
2097 1666 2127 1688 et

650 1714 778 1741 essentia
798 1714 947 1740 differrent
963 1722 992 1739 re
1008 1713 1034 1738 in
1049 1712 1199 1742 creaturis,
1213 1712 1307 1746 magis
1326 1716 1426 1747 posset
1445 1711 1512 1746 poni
1528 1711 1605 1746 (puni
1621 1716 1754 1737 creatura
1775 1715 1875 1746 posset
1895 1711 2006 1737 hahere
2020 1711 2039 1726 ¹⁴¹
2059 1719 2126 1737 esse

650 1763 795 1790 essentiae
821 1763 883 1789 sine
912 1770 978 1788 esse
1004 1761 1176 1788 existentiae
1206 1769 1292 1796 quam
1323 1760 1401 1795 quod
1430 1760 1551 1786 materia
1580 1765 1680 1795 posset
1700 1768 1766 1786 esse
1795 1759 1858 1786 sine
1886 1759 1980 1786 forma
1999 1760 2029 1791 ¹⁵,
2058 1759 2127 1794 quia

651 1811 777 1838 essentia
802 1811 940 1837 maiorem
965 1810 1162 1837 actualitatem
1188 1809 1308 1836 includit
1333 1818 1418 1844 quam
1443 1810 1572 1839 materia,
1596 1809 1664 1835 licet
1686 1818 1744 1836 non
1765 1808 1801 1835 sit
1825 1812 1905 1835 tanta
1929 1808 2007 1844 quod
2031 1807 2127 1843 possit

651 1869 715 1887 esse
736 1861 763 1887 in
784 1869 878 1887 rerum
899 1864 1001 1886 natura
1024 1858 1185 1885 secundum
1210 1867 1392 1885 communem
1417 1866 1531 1884 cursum
1555 1858 1618 1884 sine
1641 1866 1706 1884 esse
1729 1857 1912 1884 existentiae.
1932 1858 1998 1884 Hoc
2019 1862 2128 1889 tamen.

650 1909 763 1936 scilicet
783 1909 861 1944 quod
882 1909 1010 1935 essentia
1029 1916 1087 1934 non
1107 1907 1200 1943 possit
1221 1907 1328 1933 habere
1343 1916 1425 1933 suum
1440 1915 1505 1933 esse
1526 1906 1671 1933 essentiae
1686 1906 1747 1933 sine
1761 1915 1827 1933 esse
1841 1906 2015 1932 existentiae
2028 1906 2048 1921 '⁹
2070 1914 2128 1932 non

651 1958 789 1985 convenit
815 1957 854 1984 illi
881 1957 1019 1992 positioni
1046 1965 1121 1991 quae
1148 1956 1230 1992 ponit
1255 1955 1333 1991 quod
1361 1955 1487 1982 essentia
1515 1960 1612 1990 potest
1638 1955 1759 1990 intelligi
1787 1955 1840 1981 sub
1867 1955 2007 1990 opposito
2037 1954 2130 1990 ipsius

653 2015 727 2039 esse,
747 2006 815 2042 quia
827 2007 848 2022 ³⁰
868 2007 986 2040 nut[ein]
1007 2005 1155 2041 quaelibet
1177 2004 1304 2031 essentia
1325 2004 1501 2031 determinat
1515 2004 1569 2030 sibi
1594 2005 1742 2040 proprium
1759 2012 1833 2035 esse,
1847 2004 1923 2030 sicut
1937 2003 2012 2038 ignis
2035 2003 2130 2030 deter-

653 2055 743 2082 minat
774 2055 828 2082 sibi
861 2055 999 2086 calorem,
1028 2058 1077 2081 aut
1108 2063 1174 2080 non.
1207 2053 1266 2080 Sed
1296 2058 1394 2089 potest
1422 2062 1488 2079 esse
1516 2053 1685 2080 successive
1714 2053 1768 2079 suh
1797 2052 1930 2088 pluribus
1959 2061 2024 2079 esse
2053 2051 2130 2079 sicut

653 2104 775 2131 materia
794 2105 847 2131 sub
877 2104 1009 2139 pluribus
1029 2103 1130 2129 formis
1143 2103 1172 2128 ²¹.
1202 2102 1233 2129 Si
1263 2102 1356 2138 primo
1380 2102 1468 2128 modo
1483 2102 1513 2133 ⁵³,
1534 2106 1602 2128 tunc
1625 2102 1701 2128 sicut
1723 2101 1799 2136 ignis
1823 2110 1880 2127 non
1906 2106 2004 2136 potest
2024 2101 2131 2127 vero„

652 2153 803 2180 intellectu
823 2153 946 2188 intelligi
966 2153 1020 2178 sub
1035 2152 1173 2187 opposito
1193 2151 1309 2182 caloris,
1323 2151 1362 2177 ita
1385 2159 1438 2177 nec
1459 2150 1586 2177 essentia
1599 2151 1620 2166 ²⁸
1642 2151 1696 2176 sub
1717 2150 1857 2185 opposito
1878 2149 1987 2185 proprii
2009 2158 2083 2176 esse.
2097 2149 2130 2176 Si

746 2315 751 2328 ¹
767 2322 872 2339 numen
889 2314 1068 2345 concretum]
1090 2316 1258 2338 concretum
1279 2320 1384 2336 nomen
1400 2312 1431 2337 C,
1447 2327 1478 2329 —
1500 2311 1510 2326 ²
1525 2316 1553 2337 et
1566 2311 1635 2336 add.
1650 2311 1682 2337 C.
1697 2327 1729 2330 —-
1744 2311 1754 2325 ³
1769 2319 1824 2335 um.
1841 2310 1903 2342 SC;
1917 2311 1986 2336 add.
2000 2312 2033 2336 21¹
2048 2319 2086 2336 m.
2100 2310 2131 2337 S.

655 2373 686 2376 w«
711 2356 896 2390 ‘significant
918 2358 950 2382 (ζ
966 2371 997 2374 —
1013 2357 1022 2370 ·”’
1042 2356 1113 2381 llaec
1134 2355 1202 2381 add.
1219 2356 1251 2381 ι’.
1273 2371 1304 2373 -
1325 2357 1335 2367 '¹
1349 2355 1472 2389 simplex
1487 2355 1519 2381 C.
1541 2370 1573 2374 —
1596 2355 1604 2370 ἵ
1618 2355 1646 2380 id
1662 2355 1693 2381 C.
1715 2370 1746 2374 —
1763 2357 1772 2367 “
1786 2354 1814 2380 id
1829 2355 1862 2381 C.
1877 2370 1910 2373 —
1923 2355 1935 2369 ⁹
1947 2363 1993 2380 om
2010 2353 2046 2387 S;
2061 2354 2130 2380 add.

654 2408 688 2427 ,μ’
704 2410 740 2426 m.
756 2402 784 2426 S.
800 2416 831 2419 —
850 2401 868 2415 ¹⁰
882 2400 958 2426 idem
974 2400 1001 2425 id
1017 2400 1049 2425 C.
1064 2415 1096 2418 —
1114 2401 1130 2414 ¹¹
1147 2399 1192 2425 vel
1207 2398 1371 2425 substantia
1382 2399 1450 2424 add.
1466 2407 1562 2433 ωιτν-ξ,
1578 2399 1607 2424 Ρ.
1623 2414 1654 2417 -
1670 2399 1689 2413 ¹²
1702 2398 1873 2433 simpliciter
1886 2399 1962 2431 esse]
1981 2406 2035 2423 om.
2050 2397 2082 2424 C.
2097 2413 2131 2417 —-

658 2445 677 2460 ¹³
693 2444 903 2478 intelligeretur
920 2444 958 2471 S:
978 2443 1031 2469 del,
1051 2445 1079 2468 rt
1099 2451 1196 2478 marg.
1215 2442 1319 2477 scr-ips.
1340 2449 1372 2467 21¹
1394 2451 1430 2467 m.
1451 2442 1488 2468 S:
1511 2442 1586 2476 Ergo
1607 2458 1637 2461 —
1660 2441 1840 2476 intelligitur]
1860 2441 1949 2467 modo
1968 2441 2132 2467 substantia

655 2487 898 2523 praeintelligitur
914 2488 946 2513 C.
961 2503 993 2506 -—
1018 2489 1034 2502 ¹¹
1049 2495 1103 2512 mn.
1124 2487 1161 2513 S:
1181 2486 1249 2512 add.
1264 2493 1297 2511 ευ
1313 2495 1348 2511 m.
1363 2485 1391 2511 S.
1406 2501 1439 2504 —
1458 2487 1477 2500 ¹⁵
1490 2494 1561 2519 ergo
1577 2486 1609 2512 C.
1624 2501 1655 2504 —
1673 2486 1693 2500 ¹⁶
1707 2485 1741 2511 Et
1755 2486 1796 2511 sic
1811 2501 1844 2504 —
1859 2485 2011 2518 creaturis]
2026 2493 2081 2511 om.
2096 2484 2129 2511 C.

655 2548 688 2551 -
712 2533 730 2547 ¹⁷
753 2537 852 2566 posset
873 2531 990 2563 habere]
1015 2530 1136 2556 haberet
1157 2531 1189 2556 s.
1211 2545 1241 2549 -
1267 2530 1285 2545 ¹³
1304 2538 1359 2555 nm.
1379 2530 1417 2556 S:
1437 2529 1505 2554 add.
1526 2535 1560 2554 21¹
1577 2538 1613 2554 m.
1634 2529 1662 2555 S.
1677 2544 1709 2548 --
1727 2529 1747 2544 ¹⁰
1760 2528 1787 2554 in
1807 2537 1901 2554 rerum
1921 2532 2025 2554 natura
2045 2528 2077 2555 C.
2098 2543 2132 2547 —

656 2576 678 2591 ⁴²⁴¹
692 2575 770 2610 quod
792 2575 823 2601 C.
845 2591 877 2593 —
897 2576 917 2590 ²²²
939 2574 1032 2600 tonna
1049 2574 1080 2600 C.
1102 2589 1133 2592 —
1155 2574 1177 2588 ¹³²
1191 2582 1259 2599 vere
1274 2573 1305 2599 (ἶ
1327 2589 1358 2591 -
1380 2573 1402 2588 2³³
1415 2582 1469 2598 om,
1485 2574 1522 2604 ὃς
1542 2573 1610 2598 add.
1625 2579 1660 2598 2ss
1679 2581 1715 2598 m.
1731 2572 1759 2598 S.
1781 2587 1812 2591 —-
1833 2572 1854 2587 ²⁸
1870 2580 1936 2598 esse
1949 2572 1980 2598 P.

746 2691 784 2719 (Ι)
801 2688 859 2715 Cfr.
875 2697 902 2723 p.
918 2690 976 2720 164,
989 2697 1016 2714 n.
1031 2690 1070 2717 ‹2›
1084 2692 1112 2713 et
1128 2690 1175 2716 (3).
1192 2704 1222 2705 ἡ
1238 2690 1266 2717 (2
1291 2687 1350 2713 Ct'r.
1365 2695 1392 2721 p.
1409 2688 1467 2715 1235,
1480 2695 1507 2712 n.
1521 2688 1568 2719 (1).
