2493 3458
692 434 887 468 QUARTUM
917 434 1215 468 QUODMBETUM,
1244 436 1280 469 Q.
1310 436 1405 461 XVIII
1738 438 1789 462 347

319 530 471 557 personae,
500 522 575 548 adeo
605 522 684 556 quod
713 526 829 557 oportet
857 523 1014 557 impediri¹
1044 527 1126 549 actus
1152 522 1245 558 magis
1275 523 1424 557 perfectos
1447 524 1483 550 de
1506 534 1545 557 se,
1572 525 1684 551 seilicet
1708 529 1790 551 actus

319 570 397 596 vitae
429 570 700 605 contemplativae²
735 573 737 604 Ι
766 575 796 597 ut
831 575 1022 597 exerceantur
1051 577 1133 598 actus
1162 571 1258 597 minus
1286 572 1421 606 perfecti,
1453 572 1565 599 scilicet
1598 578 1680 599 actus
1712 573 1789 600 vitae

319 619 433 645 activae
458 623 580 654 propter
599 619 706 645 bonum
727 628 880 645 commune
894 620 912 646 ³.
933 620 995 646 Nec
1021 624 1066 646 est
1093 624 1193 646 contra
1219 620 1275 646 hoc
1302 620 1381 655 quod
1410 620 1515 647 dicitur
1535 621 1735 648 Ecclesiastici
1751 624 1788 655 (l)

318 667 462 702 vigesimo
494 671 594 694 sexto:
626 676 684 694 non
716 672 760 694 est
793 668 880 703 digna
915 668 1088 703 ponderatio
1121 669 1297 695 continentis
1330 669 1453 702 animae,
1482 674 1541 695 tum
1571 670 1638 704 quia
1663 670 1703 696 ibi
1731 679 1790 697 non

319 716 460 751 accipitur
480 716 658 742 continentia
682 725 733 751 pro
753 717 875 751 speciali
895 717 1000 743 virtute
1023 717 1076 743 sed
1098 726 1151 751 pro
1172 717 1250 743 omni
1270 717 1386 750 virtute,
1407 722 1466 744 tum
1487 718 1554 753 quia
1575 718 1788 745 matrimonium

318 773 377 790 non
409 765 483 790 tollit
514 765 622 790 bonum
655 765 852 791 continentiae
884 765 1054 800 simpliciter
1086 766 1138 791 sed
1170 770 1283 791 tanturn
1316 770 1455 800 quantum
1488 767 1524 792 ad
1556 766 1634 793 illum
1667 767 1789 802 gradum

318 813 540 839 accidentalem.

407 862 469 888 Nec
489 862 574 889 etiam
597 862 739 897 obligatio
765 862 825 888 voti
846 862 975 897 impedit,
996 863 1064 897 quia
1089 867 1189 889 votum
1211 862 1321 889 fatuum
1342 872 1400 889 non
1423 864 1542 898 obligat.
1563 864 1622 890 Sed
1642 864 1666 890 si
1686 864 1790 899 aliquis

318 915 439 937 voveret
459 911 500 937 sic
520 920 638 937 servare
658 911 767 946 aliquid
787 912 866 946 quod
886 911 909 937 si
930 915 1008 937 totus
1027 911 1153 938 mundus
1175 912 1284 946 periret
1303 920 1360 937 non
1385 911 1551 945 dimitteret,
1572 917 1650 939 esset
1670 913 1789 939 fatuum.

318 960 395 994 Ergo
422 968 479 985 non
505 960 649 994 obligaret
669 960 726 986 tale
752 964 860 986 votum.
887 960 1002 986 Sufficit
1028 960 1103 986 enirn
1127 960 1206 995 quod
1228 965 1349 995 propter
1368 961 1517 995 proprium
1537 961 1723 987 commodum
1745 962 1790 988 vel

317 1008 459 1043 propria⁴¹
491 1014 595 1043 sponte
621 1018 678 1034 non
704 1008 835 1034 intendat
861 1009 940 1043 quod
973 1009 1061 1041 vovit,
1088 1013 1209 1035 mutare.
1238 1009 1289 1035 Ille
1316 1009 1403 1035 etiam
1438 1009 1519 1035 cuius
1552 1014 1595 1036 est
1625 1010 1790 1036 discernere

317 1057 345 1082 in
366 1066 423 1092 quo
450 1066 519 1083 casu
545 1057 664 1092 expedit
691 1066 808 1083 servare
837 1061 946 1090 votum,
976 1057 1063 1084 habet
1092 1062 1269 1093 potestatem
1298 1058 1327 1084 in
1352 1057 1572 1092 dispensatione
1601 1058 1660 1084 voti
1691 1059 1790 1088 (Extra

317 1106 353 1132 de
374 1106 567 1138 iureiurando,
587 1106 715 1132 Veniens
729 1107 749 1138 5)
766 1109 813 1138 (2).

405 1155 467 1180 Nec
493 1154 580 1180 etiam
608 1155 723 1180 tertium
750 1155 881 1189 impedit,
907 1155 1021 1181 scilicet
1046 1155 1249 1181 solemnizatio
1265 1156 1282 1181 ³.
1304 1155 1399 1181 Primo
1421 1156 1487 1190 quia
1514 1165 1600 1182 omne
1621 1156 1690 1182 illud
1713 1157 1790 1191 quod

318 1212 352 1229 ex
379 1207 487 1229 statuto
514 1204 560 1229 vel
577 1204 585 1218 ⁷
605 1204 825 1230 confirmatione
849 1204 1000 1230 Ecclesiae
1020 1204 1108 1230 habet
1132 1204 1272 1239 vigorem,
1298 1214 1350 1239 per
1372 1204 1534 1230 Ecclesiam
1557 1209 1655 1239 potest
1678 1205 1791 1237 mutari,

317 1256 345 1277 et
369 1251 396 1278 in
422 1261 458 1278 eo
484 1261 500 1278 a
527 1252 645 1278 domino
666 1261 743 1287 papa
764 1257 861 1287 potest
888 1253 1060 1287 dispensari.
1082 1253 1140 1279 Sed
1165 1262 1266 1279 omnes
1291 1253 1547 1279 solemnizationes
1574 1253 1790 1288 professionum

317 1305 345 1327 et
360 1310 460 1327 omnes
480 1300 637 1336 religiones
657 1301 865 1336 superadditae
888 1301 1021 1336 religioni
1043 1301 1217 1328 christianae
1231 1302 1339 1328 habent
1356 1303 1365 1317 ὃ
1385 1303 1516 1336 vigorem
1539 1311 1554 1328 a
1569 1303 1791 1329 confirmatione

318 1349 476 1376 Ecclesiae.
497 1350 574 1384 Ergo
595 1354 623 1375 et
644 1354 751 1376 cetera.
771 1350 852 1376 Sicut
873 1350 948 1376 enim
972 1350 1151 1376 continentia
1176 1359 1287 1376 annexa
1308 1351 1401 1376 ordini
1422 1359 1505 1377 sacro
1526 1355 1570 1377 est
1584 1352 1594 1365 ⁹
1622 1360 1657 1377 ex
1680 1356 1790 1377 statuto

318 1399 475 1431 Ecclesiae,
507 1398 546 1424 ita
579 1398 666 1424 etiam
699 1403 727 1424 et
759 1399 837 1424 dicta
868 1399 1080 1431 solemnizafio,
1112 1404 1232 1434 propter
1264 1399 1343 1434 quod
1372 1400 1411 1425 ita
1440 1404 1538 1434 potest
1567 1400 1731 1435 dispensari
1762 1400 1790 1426 in

317 1456 373 1473 uno
390 1448 418 1480 ¹⁰,
445 1447 520 1473 sicut
546 1447 574 1472 in
601 1447 657 1472 alio
675 1448 701 1473 ¹¹.
724 1463 755 1465 —
776 1447 912 1474 Secundo
934 1447 1000 1482 quia
1027 1448 1105 1473 nulla
1132 1448 1326 1474 sanctificatio
1354 1448 1562 1483 cuiuscumque
1582 1449 1732 1483 religionis
1753 1450 1789 1475 ab

317 1497 432 1522 homine
459 1496 603 1522 confictae
624 1496 713 1522 debet
738 1496 940 1530 praeiudicare
967 1496 1101 1531 religioni
1128 1496 1303 1523 christianae
1336 1497 1363 1523 in
1396 1506 1453 1532 qua
1482 1497 1655 1532 imprimitur
1681 1498 1789 1533 aliquid

316 1544 472 1571 indelebile
486 1545 514 1570 in
530 1545 633 1570 anima.
648 1545 707 1570 Sed
728 1544 752 1570 si
773 1545 838 1570 talis
858 1545 1052 1571 sanctificatio
1067 1545 1221 1580 impediret
1235 1545 1448 1572 matrimonium
1470 1555 1521 1581 per
1542 1547 1619 1581 quod
1640 1547 1791 1573 tolleretur

316 1593 496 1628 perturbatio
520 1594 670 1619 Ecclesiae
691 1598 719 1619 et
742 1593 891 1628 religionis
912 1594 1095 1626 christianae,
1116 1599 1184 1620 tunc
1204 1594 1420 1628 praeiudicaret
1446 1595 1579 1629 religioni
1607 1595 1789 1622 christianae.

314 1643 392 1677 Ergo
419 1647 447 1668 et
473 1647 579 1668 cetera.
606 1658 638 1660 —
665 1642 763 1668 Tertio
797 1642 863 1676 quia
890 1643 1085 1668 sanctificatio
1119 1652 1174 1677 qua
1208 1643 1317 1678 aliquid
1335 1644 1353 1658 ¹²
1380 1644 1537 1678 deputatur
1569 1644 1658 1670 cultui
1691 1644 1789 1670 divino

316 1691 383 1717 licet
409 1695 553 1726 repugnet
575 1691 688 1717 actibus
714 1691 876 1722 contrariis,
897 1691 1009 1717 scilicet
1028 1692 1047 1706 ¹³
1067 1691 1227 1717 inhonestis
1254 1697 1280 1718 et
1305 1692 1425 1725 vitiosis⁷
1445 1701 1502 1718 non
1526 1697 1670 1727 repugnat
1693 1698 1789 1720 tamen

316 1739 429 1766 actibus
463 1739 593 1765 honestis
626 1740 653 1765 in
680 1748 749 1765 casu
782 1740 966 1766 necessitatis
999 1740 1171 1766 exercendis
1204 1740 1271 1766 licet
1306 1741 1363 1766 sint
1395 1741 1565 1775 simpliciter
1596 1742 1690 1768 minus
1721 1743 1789 1768 boni

317 1797 402 1823 quam
446 1793 528 1814 actus
568 1788 727 1822 religionis,
759 1788 871 1814 scilicet
905 1792 986 1814 actus
1019 1789 1282 1823 contemplationis,
1314 1789 1401 1817 sicut,
1421 1794 1502 1824 patet
1541 1791 1619 1825 quod
1658 1791 1790 1826 episcopi

316 1841 436 1872 propter
467 1837 674 1863 necessitatem
708 1837 924 1863 communitatis
957 1841 1091 1863 tenentur
1123 1837 1311 1864 intermittere
1345 1843 1427 1864 actus
1465 1839 1721 1874 contemplationis
1759 1845 1790 1866 ut

316 1890 421 1912 vacent
453 1886 566 1912 actibus
598 1885 675 1911 vitae
709 1885 831 1911 activae.
860 1887 893 1911 Et
912 1887 929 1901 ¹⁴
958 1886 1112 1920 religiosus
1145 1886 1242 1918 etiam,
1270 1891 1301 1912 ut
1332 1887 1407 1913 intra
1439 1888 1559 1922 patebit,
1589 1893 1736 1916 teneretur
1761 1890 1789 1915 in

315 1935 491 1961 necessitate
521 1934 612 1969 patris
642 1934 832 1960 intermittere
859 1935 1061 1961 observantias
1088 1935 1238 1969 religionis
1270 1940 1390 1970 propter
1420 1936 1719 1963 laborem'nianuum
1753 1938 1789 1964 acl

315 1983 547 2009 subveniendum
574 1983 657 2018 patri.
683 1983 742 2009 Sed
769 1987 851 2009 actus
878 1984 1053 2009 matrimonii
1081 1989 1146 2009 sunt
1179 1988 1261 2010 actus
1292 1985 1407 2010 honesti
1425 1986 1451 2016 ¹⁵,
1484 1990 1512 2011 et
1544 1985 1612 2011 licet
1644 1995 1701 2012 non
1733 1986 1789 2012 sint

315 2032 355 2058 ita
387 2033 455 2058 boni
488 2032 562 2058 sicut
595 2037 676 2058 actus
710 2032 912 2066 religiosorum
945 2032 1117 2067 simpliciter
1150 2033 1308 2067 loquendo,
1341 2038 1437 2059 tamen
1471 2033 1498 2059 in
1540 2043 1608 2060 casu
1644 2039 1742 2061 tantae
1771 2038 1774 2068 Ι

315 2080 508 2111 necessitatis,
540 2080 614 2107 sicut
645 2080 753 2106 dictum
789 2085 841 2112 est,
874 2086 972 2107 essent
1004 2081 1097 2115 magis
1119 2081 1186 2107 boni
1219 2086 1247 2107 et
1279 2082 1372 2116 magis
1404 2083 1560 2108 necessarii
1595 2093 1680 2118 quam
1708 2089 1789 2111 actus

315 2129 527 2164 religiosorum.
549 2130 626 2164 Ergo
647 2130 841 2155 sanctificatio
862 2130 1011 2162 religionis
1031 2139 1088 2156 non
1109 2130 1232 2165 impedit
1253 2131 1321 2165 quin
1342 2131 1369 2156 in
1393 2140 1463 2157 casu
1484 2132 1549 2157 talis
1567 2133 1585 2146 ¹⁴²
1605 2133 1789 2159 necessitatis

316 2178 408 2212 possit
428 2178 591 2212 dispensari
612 2186 676 2204 cum
697 2177 836 2212 religioso
858 2178 936 2212 quod
957 2180 1119 2204 contrahat.

404 2226 450 2252 Ad
482 2226 623 2253 rationem
661 2227 688 2252 in
721 2227 890 2262 oppositum
923 2227 1078 2253 dicendum
1113 2228 1191 2262 quod
1224 2228 1302 2254 illm!
1332 2229 1410 2263 quod
1444 2230 1521 2262 [non]
1559 2229 1663 2256 dicitur
1702 2231 1788 2257 Extra

316 2275 351 2301 de
372 2279 448 2301 statu
469 2276 686 2307 monachorum,
710 2276 714 2308 l
741 2275 814 2301 Cum
828 2275 864 2301 ad
879 2277 1086 2302 monasterium
1101 2278 1150 2309 (3),
1170 2286 1227 2302 non
1249 2277 1319 2303 dicit
1339 2278 1614 2312 impossibilitatem,
1635 2279 1687 2305 sed
1707 2285 1789 2306 notat

317 2324 528 2357 difficultatem,
548 2324 623 2350 sicut
649 2324 754 2350 dicitur
779 2333 836 2350 non
862 2333 950 2360 posse
973 2325 1035 2351 fieri
1057 2325 1135 2360 quod
1161 2335 1219 2352 non
1246 2326 1307 2352 sine
1331 2335 1436 2361 magna
1457 2336 1545 2353 causa
1566 2332 1594 2354 et
1615 2328 1789 2355 difficultate

316 2382 422 2408 magna
442 2377 541 2408 potest
561 2372 631 2399 fieri.

407 2496 482 2519 ¹om.
503 2494 567 2526 SC;
588 2494 656 2520 add.
676 2501 710 2519 20
726 2503 762 2520 m.
778 2494 806 2520 S.
829 2510 860 2513 —
882 2494 891 2509 ‘·'
905 2494 1095 2521 intermittere
1115 2496 1182 2522 add.
1199 2495 1230 2521 C.
1251 2512 1283 2514 —
1307 2497 1317 2511 ³
1332 2496 1528 2523 continentiae
1543 2498 1571 2523 S.
1593 2514 1623 2516 ——
1648 2500 1787 2534 ¹proprio

316 2539 344 2563 S.
366 2553 398 2555 μ
419 2539 428 2552 ⁵
442 2537 578 2563 veniente
599 2538 653 2564 SC.
675 2554 707 2556 ——
728 2537 812 2564 ⁶voti
832 2538 900 2564 ιπίιί.
922 2538 953 2564 C.
975 2554 1006 2556 —-
1038 2539 1094 2564 ⁷ex
1115 2539 1183 2571 add.
1205 2539 1236 2565 C.
1258 2555 1291 2558 —
1320 2540 1330 2554 ³
1344 2540 1487 2566 humanae
1509 2541 1540 2567 C.
1562 2557 1593 2560 m
1624 2542 1740 2569 ¹'ordini
1756 2559 1787 2562 —

316 2582 369 2614 est]
391 2585 435 2607 est
455 2581 549 2607 ordini
568 2590 652 2607 sacro
668 2582 700 2607 C.
721 2598 753 2600 —
776 2582 795 2597 ¹⁰
809 2590 865 2607 una
885 2582 917 2608 C.
938 2598 970 2601 —
994 2583 1011 2597 ¹¹
1027 2582 1082 2608 alia
1098 2582 1130 2609 C.
1151 2599 1183 2601 —
1206 2584 1225 2598 ¹²
1239 2583 1309 2618 quid
1324 2583 1356 2609 C.
1378 2599 1410 2602 —
1433 2584 1452 2599 ¹³
1466 2593 1520 2610 om.
1536 2585 1567 2611 C.
1589 2602 1620 2604 —
1645 2588 1663 2601 ¹⁴¹
1676 2591 1704 2613 et
1718 2588 1787 2613 add.

316 2624 344 2650 S.
365 2641 398 2643 —
421 2626 440 2639 ¹⁵
453 2628 535 2651 actus
555 2625 678 2659 honesti]
699 2626 813 2651 honesti
834 2629 916 2651 actus
937 2625 968 2652 C.
990 2641 1022 2645 —-
1045 2626 1065 2641 ¹⁶
1078 2630 1176 2652 tantae
1198 2626 1229 2653 C.

405 2727 443 2757 (l)
465 2725 524 2752 Csr.
545 2734 571 2760 p.
592 2727 652 2758 288,
673 2735 698 2752 n.
719 2728 768 2758 (2).
790 2742 821 2744 —
843 2729 881 2757 (2)
903 2726 963 2752 Cfr.
984 2735 1011 2761 p.
1029 2728 1088 2759 289,
1108 2736 1134 2753 n.
1154 2729 1201 2759 (l).
1218 2743 1250 2746 —
1272 2729 1310 2759 (3)
1332 2727 1391 2754 Cfr.
1411 2738 1438 2763 p.
1458 2731 1518 2762 288,
1539 2739 1564 2755 n.
1585 2732 1632 2763 (l).

1847 546 1911 571 cod.
1926 546 1946 571 S

1820 581 1868 607 fol.
1882 583 1917 607 5⁴2
1930 581 1972 607 Vb

1844 2016 1909 2042 cod.
1925 2017 1949 2042 C

1814 2051 1861 2077 fol.
1875 2054 1924 2078 100
1939 2052 1980 2078 Vb

1847 2258 1910 2285 cod.
1926 2259 1945 2285 S

1821 2294 1870 2320 sol.
1884 2295 1918 2321 53
1932 2295 1973 2320 Ra
