2493 3458
678 423 893 451 SECUNDUM
923 423 1219 458 QUODLissETUM,
1246 424 1281 458 Q.
1312 424 1350 450 iv
1714 427 1747 451 83

277 515 375 553 tialis,
405 514 666 556 qualiscumque
695 519 756 552 est,
787 519 839 545 est
869 513 1014 555 primum
1044 514 1177 545 actuale
1215 519 1248 545 et
1278 513 1477 555 simpliciter
1509 515 1643 546 actuale
1675 515 1747 546 sive

278 572 476 614 simpliciter
512 573 599 603 dans
636 577 749 602 actum
786 571 959 609 materiae,
997 571 1076 602 ideo
1113 571 1277 612 quicquid
1311 577 1426 612 potest
1458 571 1600 614 intelligi
1633 572 1747 603 imme-

277 629 465 661 diatissime
491 629 690 660 adiunctum
717 628 878 659 materiae
896 628 1026 669 primae
1052 634 1087 659 ut
1112 639 1166 659 res
1196 628 1307 669 aliqua
1335 634 1472 670 oportet
1500 639 1577 660 esse
1603 629 1747 660 formam

278 686 548 718 substantialem.
569 686 685 727 Quare
704 686 791 717 inter
811 696 1065 727 quamcumque
1092 686 1234 717 formam
1252 686 1521 725 substantialem,
1540 698 1618 718 cum
1637 688 1749 719 omnis

278 745 386 777 forma
403 744 479 776 talis
502 744 508 761 ¹
535 744 592 776 det
609 754 687 775 esse
706 743 717 759 ²
742 743 940 785 simpliciter
958 750 990 774 et
1015 743 1048 774 in
1075 749 1163 782 actu,
1183 749 1215 775 et
1240 743 1350 785 ipsam
1375 745 1561 775 essentiam
1587 745 1749 776 materiae

278 813 349 833 non
368 807 483 843 potest
507 801 589 843 poni
618 801 671 833 vel
700 801 845 843 intelligi
869 801 997 842 aliquid
1022 801 1113 832 reale
1138 802 1333 832 absolutum
1360 801 1510 833 existens
1535 802 1568 833 in
1587 802 1749 840 materia3

278 860 340 891 sed
372 860 400 891 si
433 859 560 900 aliquid
593 859 792 901 intelligitur
821 859 889 890 hoc
918 864 969 890 est
993 859 1103 889 solum
1133 858 1253 890 relatio
1278 859 1332 890 vel
1356 865 1557 901 respectus3
1587 865 1620 892 et
1648 871 1750 901 quae-

278 927 427 958 cumque
457 927 511 948 res
540 917 698 947 absolute
727 915 925 958 intelligitur
944 916 954 932 ³
982 915 1092 957 primo
1119 916 1243 947 adesse
1274 916 1436 948 materiae
1462 928 1550 958 quae
1582 923 1634 949 est
1665 929 1751 959 pura

279 974 433 1016 potentia
450 984 521 1005 non
539 979 654 1015 potest
682 974 811 1005 habere
837 973 1036 1014 simpliciter
1060 973 1228 1005 rationem
1255 974 1440 1015 potentiae,
1466 975 1528 1006 sed
1554 975 1751 1017 simpliciter

279 1032 446 1063 rationem
472 1038 579 1062 aetus.
599 1031 635 1063 Si
661 1042 745 1074 ergo
770 1031 857 1062 inter
882 1041 944 1062 ens
970 1030 1169 1072 simpliciter
1186 1031 1220 1062 in
1246 1031 1401 1072 potentia
1422 1033 1515 1073 quod
1534 1038 1585 1064 est
1610 1033 1751 1064 materia

279 1095 311 1121 et
329 1100 390 1121 ens
420 1089 619 1131 simpliciter
647 1089 680 1120 in
710 1094 789 1120 actu
814 1089 909 1130 quod
939 1094 990 1120 est
1019 1089 1129 1119 forma
1157 1089 1394 1120 substantialis
1420 1101 1491 1121 non
1521 1096 1572 1122 est
1589 1091 1750 1129 medium,

279 1147 367 1179 sicut
399 1157 465 1179 nee
497 1147 584 1178 inter
615 1146 789 1178 materiam
823 1146 894 1177 sive
927 1157 989 1177 ens
1026 1146 1059 1177 in
1092 1146 1247 1188 potentia
1280 1152 1313 1178 et
1344 1158 1415 1179 non
1448 1158 1509 1179 ens
1542 1135 1751 1190 simpliciter,

280 1204 443 1246 quicquid
480 1204 619 1246 ponitur
659 1204 794 1236 realiter
831 1204 956 1235 adesse
996 1204 1048 1235 vel
1088 1204 1267 1235 adunitum
1304 1215 1381 1236 esse
1420 1205 1583 1238 materiae
1622 1206 1752 1247 primae

280 1262 475 1294 immediate
501 1267 552 1293 est
577 1261 776 1303 simpliciter
801 1267 897 1293 actus
922 1262 975 1293 vel
1001 1262 1110 1292 forma
1145 1262 1380 1294 substantialis
1399 1263 1420 1301 ⁴²,
1446 1263 1534 1295 sieut
1559 1263 1723 1305 quicquid
1743 1263 1754 1280 ⁶

279 1320 419 1362 ponitur
446 1319 645 1361 simpliciter
673 1319 822 1351 deficere
848 1320 891 1350 ab
920 1319 1061 1351 entitate
1089 1319 1252 1351 materiae
1281 1326 1448 1361 quantum
1472 1321 1515 1352 ad
1541 1321 1633 1353 entia
1649 1327 1752 1353 mate-

279 1377 373 1409 rialia
398 1377 521 1408 dicitur
545 1377 684 1418 penitus
709 1387 781 1408 non
806 1388 868 1408 ens
894 1382 927 1408 et
951 1376 1043 1408 nihil.
1063 1377 1105 1408 Et
1130 1377 1209 1409 ideo
1229 1378 1313 1409 ultra
1339 1378 1565 1410 substantiam
1591 1379 1753 1411 materiae

279 1446 350 1466 non
391 1440 443 1467 est
475 1435 603 1475 aliquid
638 1435 839 1476 ponendum
873 1434 907 1465 in
943 1434 1083 1466 materia
1116 1434 1312 1467 immediate
1345 1436 1438 1477 quod
1479 1436 1521 1468 sit
1553 1448 1607 1468 res
1641 1437 1754 1478 aliqua

282 1493 440 1524 absoluta
465 1492 530 1523 nisi
555 1493 698 1523 formam
726 1492 987 1523 substantialem
1014 1493 1153 1524 dantem
1180 1503 1257 1525 esse
1282 1493 1316 1524 in
1342 1499 1420 1525 actu
1445 1494 1653 1536 simpliciter.

368 1550 438 1582 Sed
470 1549 621 1589 ulterius,
658 1560 735 1582 cum
768 1550 844 1592 ipsa
876 1549 1017 1581 materia
1050 1561 1127 1582 cum
1162 1551 1271 1582 forma
1307 1552 1524 1583 substantiali
1561 1558 1612 1584 est
1648 1563 1754 1584 causa

281 1607 434 1639 omnium
460 1607 690 1639 accidentium
709 1618 798 1648 quae
823 1613 903 1639 sunt
928 1607 961 1638 in
987 1618 1028 1639 ea
1053 1608 1087 1639 in
1113 1608 1235 1640 ordine
1253 1609 1414 1650 quodam,
1433 1610 1591 1651 potentia
1616 1610 1754 1652 passiva

281 1666 323 1697 ad
342 1665 578 1707 recipiendum
597 1665 743 1707 primum
763 1665 927 1697 accidens
945 1665 1039 1706 quod
1065 1666 1170 1697 habet
1195 1677 1273 1697 esse
1298 1666 1332 1697 in
1357 1677 1392 1698 re
1414 1667 1578 1699 materiali
1604 1673 1656 1699 est
1680 1668 1755 1710 ipsa

280 1723 472 1755 substantia
490 1723 652 1754 materiae
670 1722 844 1754 mediante
865 1723 1060 1754 substantia
1078 1724 1219 1762 formae,
1238 1724 1283 1755 ita
1307 1725 1401 1765 quod
1419 1725 1617 1757 huiusmodi
1635 1731 1755 1767 poten—

280 1781 326 1812 tia
354 1780 492 1822 passiva
521 1781 563 1812 ad
593 1780 830 1822 recipiendum
856 1780 922 1812 tale
948 1781 1112 1812 accidens
1138 1792 1208 1813 non
1235 1781 1316 1813 dicit
1345 1782 1494 1823 aliquam
1524 1793 1595 1815 rem
1621 1789 1757 1825 praeter

281 1838 508 1870 substantiam
527 1838 690 1870 materiae
708 1844 741 1869 et
758 1838 890 1870 formae
907 1838 973 1869 nisi
1003 1839 1089 1870 forte
1106 1839 1308 1871 relationem
1327 1840 1380 1871 vel
1399 1846 1595 1882 respectum
1613 1846 1755 1879 tantum,

281 1902 317 1928 ut
356 1896 458 1929 etiam
498 1896 621 1928 dicitur
661 1896 703 1927 de
744 1896 899 1938 potentia
934 1896 1096 1928 materiae
1136 1903 1298 1938 respectu
1339 1897 1469 1930 formae
1510 1899 1754 1930 substantialis.

281 1954 369 1986 Cum
399 1954 489 1986 enim
518 1964 590 1985 non
625 1954 667 1985 sit
696 1954 790 1986 abire
820 1953 853 1985 in
879 1954 1059 1993 infinitum,
1088 1960 1225 1996 oportet
1261 1966 1392 1997 ponere
1421 1956 1515 1997 quod
1545 1956 1587 1988 sit
1616 1957 1756 1998 aliquod

281 2012 445 2044 accidens
480 2012 573 2053 quod
602 2011 798 2043 immediate
828 2011 1001 2043 derivatur
1032 2023 1052 2043 a
1084 2013 1286 2044 substantia.
1323 2013 1412 2045 Sunt
1442 2019 1555 2045 autem
1585 2015 1755 2056 quaedam

281 2081 370 2111 quae
399 2069 555 2102 oriuntur
582 2080 602 2101 a
628 2069 822 2101 substantia
847 2081 917 2101 non
943 2070 993 2101 sic
1019 2070 1226 2109 immediate,
1252 2071 1313 2102 sed
1339 2071 1513 2103 mediante
1531 2072 1646 2113 aliquo
1668 2073 1756 2104 acci-

282 2128 386 2160 dente
404 2127 482 2167 alio,
511 2127 643 2159 scilieet
669 2127 702 2158 in
727 2127 803 2169 ipsa
828 2127 1022 2159 substantia
1048 2128 1241 2170 composita
1266 2129 1465 2161 naturaliter
1491 2130 1755 2172 praeexistente.

282 2185 324 2217 Et
340 2185 391 2217 sie
415 2184 516 2217 etiam
535 2190 671 2227 oportet
696 2196 827 2227 ponere
847 2186 1059 2227 quandoque
1084 2186 1117 2217 in
1136 2186 1368 2218 materialibus
1393 2187 1541 2229 aliquam
1567 2188 1756 2229 potentiam

282 2242 457 2285 passivam
475 2248 636 2285 respectu
661 2243 893 2275 accidentium
911 2243 945 2275 in
970 2244 1195 2286 suscipiendo
1226 2247 1309 2285 (non
1336 2245 1414 2277 dico
1439 2245 1473 2277 in
1493 2247 1756 2278 transmutando

282 2301 354 2333 sive
377 2300 674 2333 transmutationis
699 2302 743 2332 ad
768 2301 912 2332 formam
937 2301 1211 2343 accidentalem),
1229 2302 1339 2344 ipsam
1365 2303 1591 2335 substantiam
1617 2314 1757 2346 compo-

282 2359 381 2390 sitam
406 2358 603 2391 immediate
629 2364 664 2390 ut
691 2364 787 2400 patet
815 2359 858 2390 de
891 2359 1101 2400 quantitate3
1128 2379 1168 2383 —
1198 2360 1384 2401 aliquando
1417 2372 1499 2393 vero
1532 2361 1641 2403 ipsam
1678 2362 1756 2393 sub-

282 2417 442 2448 stantiam
467 2416 668 2449 mediante⁶
695 2417 762 2448 alio
791 2417 992 2455 accidente3
1022 2428 1093 2448 non
1123 2417 1213 2450 enim
1243 2424 1357 2460 potest
1385 2418 1502 2450 induci
1535 2419 1690 2450 caliditas
1722 2419 1756 2451 in

283 2474 398 2516 aliquo
430 2474 496 2506 nisi
528 2474 570 2506 sit
603 2480 780 2516 quantum,
813 2485 879 2506 nec
911 2475 1038 2507 albedo
1071 2474 1136 2507 nisi
1166 2475 1208 2507 sit
1240 2482 1406 2517 quantum
1439 2482 1472 2508 et
1504 2477 1605 2517 quale
1636 2482 1756 2519 utpote

283 2532 433 2564 calidum
458 2533 511 2564 vel
536 2531 736 2564 huiusmodi
761 2538 794 2564 et
818 2538 943 2565 cetera.

374 2675 381 2690 ¹
395 2673 488 2701 forma
499 2674 574 2709 talis]
586 2674 653 2701 talis
665 2674 757 2700 forma
769 2674 799 2700 P.
811 2690 844 2693 —
856 2674 866 2689 ⁴³
879 2683 933 2700 om.
947 2674 977 2700 P.
992 2690 1024 2693 ——
1036 2675 1046 2690 ³
1057 2674 1190 2701 absolute
1204 2674 1385 2709 intelligitur]
1401 2675 1570 2710 intelligitur
1581 2676 1715 2702 absolute
1726 2676 1755 2701 P.

284 2733 316 2737 —
337 2720 346 2734 ⁴
361 2718 428 2753 quia
442 2719 510 2745 add.
531 2719 560 2745 P.
581 2734 613 2738 -
635 2719 644 2733 ⁵
657 2727 712 2744 om.
733 2719 763 2744 P.
784 2734 816 2737 —
837 2719 847 2733 Β
861 2718 958 2752 aliquo
973 2718 1040 2745 add.
1062 2719 1091 2745 P.
