2493 3458
700 416 733 440 84
1065 413 1253 440 MAGISTRI
1284 413 1501 439 GODEFRIDI
1532 413 1582 439 DE
1612 413 1808 440 FONTIBUS

789 503 845 535 Ad
874 503 1061 535 videndum
1087 509 1201 535 autem
1232 509 1343 534 utrum
1373 502 1565 534 substantia
1595 502 1729 534 animae
1759 503 1949 534 secundum
1980 512 2017 534 se
2038 503 2170 544 absque

701 561 930 603 dispositione
967 561 1047 592 reali
1084 561 1155 592 sive
1193 560 1346 602 potentia
1379 571 1467 601 quae
1504 560 1546 591 sit
1579 572 1632 591 res
1665 566 1697 591 et
1731 560 1921 602 proprietas
1958 560 2074 591 addita
2107 560 2171 602 ipsi

701 618 873 651 essentiae
899 618 1033 650 animae
1062 619 1103 650 sit
1134 619 1165 649 in
1197 618 1349 660 potentia
1376 618 1418 648 atl
1449 619 1516 649 hoc
1547 623 1580 648 nt
1609 624 1687 649 actu
1719 617 1828 659 possit
1857 628 1934 649 s—sse
1960 617 2114 649 sentiens
2139 624 2172 649 et

701 676 897 719 intelligens
923 682 1106 718 praesente
1136 676 1263 707 motivo
1294 676 1344 706 vel
1375 675 1499 713 activo,
1526 675 1786 715 intelligendum
1817 676 1910 715 quod
1940 675 2170 707 accidentium

700 734 733 766 in
752 734 945 766 Substantia
963 740 1178 776 receptorum
1197 734 1367 775 quaedam
1394 733 1509 764 insunt
1535 733 1808 774 inseparabiliter
1832 743 1977 771 annexa,
2001 733 2170 774 quaedam

700 797 814 824 autem
843 791 1088 834 separabiliter.
1118 792 1264 833 Semper
1292 797 1404 823 autem
1432 790 1630 833 intelligitur
1658 790 1850 822 substantia
1879 801 1957 822 esse
1985 790 2173 822 coniuncta

699 860 783 882 suae
816 849 992 892 potentiae
1025 850 1077 881 vel
1110 849 1232 887 virtuti,
1273 849 1352 881 licet
1388 860 1457 880 non
1492 859 1629 890 semper
1668 848 1710 879 sit
1753 848 1940 880 coniuncta
1979 847 2172 890 operationi

701 913 841 950 propter
873 908 1046 939 defectum
1083 907 1218 948 agentis
1248 907 1300 938 vel
1333 906 1478 938 alicuius
1515 906 1675 942 alterius;
1714 913 1748 937 ut
1781 906 1915 937 animae
1953 917 2089 948 semper
2121 912 2173 938 est

513 941 676 1004 foi‚⁰2‘i({1Vvi›
701 965 886 997 coniuncta
919 965 1024 996 virtus
1054 971 1086 996 et
1115 965 1269 1007 potentia
1302 964 1541 996 intellectualis
1573 971 1605 995 et
1635 963 1684 996 sic
1722 968 1724 1002 l
1761 964 1804 995 (le
1841 963 1926 1002 aliis,
1955 974 2025 995 non
2058 970 2172 996 tamen

700 1034 837 1065 semper
864 1028 942 1054 actu
969 1022 1133 1063 intelligit.
1164 1023 1198 1053 In
1229 1022 1342 1053 anima
1373 1033 1457 1063 ergo
1487 1033 1576 1063 quae
1601 1028 1653 1053 est
1678 1021 1871 1053 substantia
1896 1021 2173 1064 incorruptibilis,

699 1080 863 1112 accidens
881 1081 974 1122 quod
1000 1080 1195 1112 immediate
1222 1080 1385 1111 fundatur
1409 1079 1441 1111 in
1468 1079 1524 1111 tali
1550 1079 1743 1111 substantia
1768 1085 1905 1120 oportet
1930 1090 2007 1111 esse
2033 1090 2174 1121 propor-

699 1138 866 1170 tionatum
900 1138 1115 1170 substantiae
1147 1138 1204 1169 tali
1239 1145 1273 1169 ut
1306 1138 1406 1169 etiam
1441 1137 1483 1168 sit
1523 1137 1791 1179 incorruptibile,
1828 1137 1907 1178 quia
1943 1143 1976 1169 et
2016 1137 2049 1168 in
2081 1137 2174 1169 omni

700 1196 863 1228 materiali
882 1195 1100 1227 substantia¹
1126 1195 1158 1227 in
1184 1206 1252 1237 qua
1277 1196 1406 1227 habent
1431 1207 1508 1226 esse
1535 1195 1740 1231 accidentia,
1760 1194 1841 1226 illud
1867 1195 1960 1236 quod
1979 1195 2174 1227 immediate

699 1253 839 1285 advenit
879 1259 931 1285 est
970 1253 1210 1295 inseparabile.
1252 1253 1369 1294 Quare
1397 1252 1407 1269 '³
1446 1253 1602 1294 operatio
1643 1252 1856 1295 intelligendi
1896 1263 1915 1284 a
1955 1263 2022 1294 qua
2062 1258 2175 1285 cessat

700 1311 885 1353 aliquando
910 1312 962 1342 vel
988 1312 1180 1343 secundum
1208 1322 1309 1352 quam
1327 1311 1338 1327 ³
1363 1311 1586 1342 variationem
1612 1310 1756 1352 suscipit
1770 1311 1790 1349 ⁴,
1816 1310 2012 1342 immediate
2035 1310 2068 1342 in
2097 1311 2176 1342 sub-

699 1369 825 1401 stantia
861 1369 995 1401 animae
1035 1369 1171 1400 fundari
1216 1380 1286 1400 non
1328 1369 1471 1407 videtur,
1512 1369 1573 1400 sed
1610 1375 1746 1410 oportet
1786 1368 1881 1409 quod
1921 1368 2000 1400 insit
2040 1368 2175 1400 animae

700 1426 874 1459 mediante
903 1427 1018 1468 aliquo
1055 1426 1275 1468 inseparabili
1310 1426 1500 1458 accidente.
1532 1426 1655 1457 Omnis
1688 1425 1778 1458 enim
1810 1425 2002 1457 substantia
2022 1425 2034 1442 ⁵
2061 1432 2176 1458 creata

700 1490 757 1517 aut
790 1485 882 1516 nulla
914 1485 1019 1516 habet
1058 1484 1262 1523 accidentia,
1311 1491 1369 1516 aut
1409 1484 1544 1516 videtui·
1576 1485 1704 1516 habere
1738 1483 1852 1525 aliqua
1885 1483 2078 1516 accidentia
2111 1483 2175 1515 sibi

700 1542 938 1574 connaturalia
956 1553 974 1574 a
992 1542 1118 1584 quibus
1143 1553 1213 1574 non
1240 1548 1354 1584 potest
1380 1542 1544 1584 expoliari
1571 1548 1603 1574 et
1629 1541 1791 1584 separari,
1810 1541 1874 1573 nisi
1901 1541 1955 1573 via
1982 1552 2048 1583 qua
2068 1541 2177 1574 tendit

700 1601 743 1632 ad
761 1600 1029 1642 corruptionem.
1049 1600 1119 1632 Sed
1145 1600 1172 1631 si
1190 1600 1232 1632 sit
1257 1599 1450 1632 substantia
1475 1599 1712 1641 incorporalis,
1732 1599 1960 1641 proprietates
1983 1599 2059 1632 illae
2077 1605 2177 1631 erunt

700 1657 900 1700 simpliciter
928 1658 1188 1700 inseparabiles.
1215 1660 1331 1698 Quare
1361 1664 1502 1700 propter
1530 1657 1720 1698 intelligere
1749 1663 1782 1689 et
1811 1657 1897 1689 velle
1923 1658 2056 1690 actuale
2082 1657 2176 1699 quod

700 1726 771 1748 non
797 1726 934 1758 semper
949 1715 1084 1748 animae
1109 1722 1161 1748 est
1186 1716 1410 1748 coniunctum
1429 1726 1495 1747 nec
1513 1722 1565 1748 est
1590 1715 1757 1757 perfectio
1787 1715 2022 1747 substantialis
2040 1715 2176 1747 animae

701 1774 763 1806 sed
791 1773 1015 1806 accidentalis
1044 1779 1077 1805 et
1102 1773 1304 1816 separabilis
1336 1780 1370 1805 et
1397 1773 1488 1806 circa
1521 1784 1595 1805 eam
1630 1773 1813 1811 variabilis,
1843 1779 1895 1805 est
1923 1773 2005 1804 dare
2034 1773 2068 1804 in
2097 1773 2176 1805 sub-

701 1831 826 1863 stantia
872 1831 1007 1864 animae
1047 1831 1180 1873 aliquas
1220 1831 1448 1874 proprietates
1489 1831 1738 1873 inseparabiles
1778 1831 1904 1872 quibus
1944 1830 2176 1863 mediantibus

701 1895 863 1931 poterunt
888 1889 1023 1921 animae
1048 1889 1164 1921 inesse
1190 1889 1380 1932 intelligere
1407 1895 1441 1922 et
1465 1889 1562 1921 velle.

789 1947 869 1979 Hoc
898 1947 999 1979 etiam
1036 1953 1130 1989 patet
1159 1958 1199 1979 ex
1227 1948 1295 1979 hoc
1323 1947 1417 1989 quod
1445 1953 1622 1979 ostensum
1657 1953 1708 1978 est
1744 1947 1838 1988 quod
1858 1946 1869 1963 ‘⁵
1900 1946 1992 1978 nulla
2021 1946 2177 1988 potentia

702 2004 813 2037 activa
845 2004 1059 2036 substantiae
1092 2011 1229 2037 creatae
1262 2011 1377 2047 potest
1413 2016 1490 2037 esse
1523 2005 1598 2046 ipsa
1617 2004 1628 2020 ⁷
1659 2004 1874 2036 substantiae
1907 2004 2068 2043 essentia,
2097 2004 2177 2046 quia

701 2073 767 2094 nee
796 2062 988 2094 substantia
1017 2069 1132 2105 potest
1160 2074 1264 2106 agere
1290 2063 1486 2095 immediate
1512 2073 1574 2104 per
1598 2073 1695 2094 suam
1725 2063 1952 2094 substantiam
1982 2062 2035 2094 vel
2061 2072 2177 2094 essen-

701 2120 808 2159 tiam3
844 2121 938 2153 nulla
971 2120 1061 2153 enim
1082 2120 1093 2137 ⁸
1132 2121 1325 2153 substantia
1365 2126 1480 2153 creata
1520 2120 1716 2152 immediate
1756 2131 1817 2162 per
1856 2131 1954 2152 suam
1991 2120 2177 2153 essentiam

702 2178 869 2210 subicitur
901 2179 1019 2221 agenti
1052 2185 1180 2211 creato.
1210 2179 1252 2210 Et
1276 2179 1433 2220 quamvis
1465 2178 1658 2210 substantia
1690 2178 1801 2220 possit
1833 2189 1911 2210 esse
1943 2178 2177 2210 immediatum

702 2236 964 2268 fundamentum
983 2236 1128 2268 alicuius
1145 2236 1336 2269 accidentis
1362 2237 1443 2277 (hoc
1468 2247 1586 2268 verum
1611 2243 1663 2268 est
1688 2237 1731 2268 de
1756 2236 1938 2268 accidente
1963 2236 2177 2268 connaturali

702 2300 735 2326 et
767 2294 832 2326 sibi
864 2294 1152 2336 proportionato),
1185 2294 1379 2328 substantia
1411 2301 1525 2326 tamen
1560 2305 1630 2326 non
1663 2294 1798 2326 videtur
1832 2304 1910 2326 esse
1942 2293 2176 2326 immediatum

702 2351 896 2384 subiectum
928 2352 1073 2385 alicuius
1106 2352 1298 2385 accidentis
1331 2352 1421 2385 circa
1457 2352 1570 2394 ipsum
1602 2352 1880 2384 transmutabilis.
1911 2352 2028 2392 Quare
2064 2351 2178 2383 anima

703 2420 792 2451 quae
821 2416 872 2442 est
903 2410 1098 2442 substantia
1130 2410 1398 2452 incorruptibilis
1427 2420 1497 2442 non
1530 2410 1665 2442 videtur
1700 2420 1805 2452 posse
1837 2420 1915 2442 esse
1950 2409 2149 2441 naturaliter
2167 2408 2179 2426 ⁹

704 2469 761 2509 [et]
791 2467 1026 2500 immediatum
1051 2468 1245 2500 subiectum
1271 2468 1416 2500 alicuius
1442 2468 1711 2500 transmutabilis
1737 2467 1937 2500 accidentis.
1963 2468 2066 2500 Unde
2090 2467 2177 2499 ratio

794 2627 800 2641 ¹
815 2626 957 2653 materiali
971 2626 1144 2660 substantia]
1159 2627 1322 2653 substantia
1336 2626 1478 2653 materiali
1493 2626 1522 2652 P.
1543 2642 1576 2645 —
1591 2627 1601 2641 ‘²
1615 2626 1682 2661 quia
1696 2626 1725 2652 P.
1741 2642 1773 2645 —
1787 2626 1798 2641 ³
1812 2635 1866 2651 om.
1887 2625 1919 2652 P.
1933 2641 1966 2645 —-
1980 2627 1989 2641 ⁴
2003 2625 2133 2661 suscepit
2146 2625 2177 2652 P.

705 2684 736 2688 —
749 2670 758 2684 ⁵
768 2670 862 2696 omnis
870 2671 1083 2704 —substantiaJ
1093 2679 1148 2697 om.
1159 2671 1190 2696 P.
1202 2686 1234 2689 —
1243 2671 1254 2685 ⁰
1265 2679 1438 2697 conversum
1448 2670 1551 2705 scrips.
1562 2679 1660 2705 marg.
1671 2677 1706 2696 211
1716 2679 1752 2696 m.
1765 2670 1794 2696 P.
1807 2685 1839 2688 —
1851 2670 1859 2684 ⁷
1870 2678 1924 2695 om.
1933 2670 1964 2696 P.
1975 2685 2008 2688 -—
2023 2670 2033 2684 ⁸
2043 2669 2131 2695 etiam
2143 2669 2178 2695 V.

704 2728 737 2732 -
751 2714 761 2729 ⁹
775 2713 858 2740 aliter
871 2713 893 2739 P
906 2716 934 2740 et
946 2714 1149 2740 universaliter
1161 2714 1264 2750 scrips.
1278 2723 1376 2749 marg.
1391 2714 1421 2740 P.
