2493 3458
513 845 577 872 cod.
588 845 613 870 V

483 880 532 907 fol.
544 882 596 907 256
607 881 647 907 R³

507 2094 571 2120 cod.
585 2095 607 2121 P

478 2128 526 2156 sol.
539 2131 588 2156 139
600 2130 639 2156 Rb

669 420 702 444 36
1031 418 1220 445 MAGISTRI
1249 418 1467 445 GODEFRIDI
1497 418 1547 444 DE
1577 418 1772 445 FONTIBUS

668 507 761 549 quod
779 513 858 539 ante
880 507 887 524 ¹
916 507 1113 539 huiusmodi
1139 506 1384 549 experientiam
1409 507 1453 538 ad
1479 506 1708 548 profitendum
1738 507 1945 539 inducantur
1970 508 2022 539 vel
2056 518 2132 549 pro-

668 564 814 597 fitentur.
833 564 875 596 Et
900 564 978 597 ideo
1004 565 1094 596 facta
1119 570 1169 596 est
1195 563 1379 606 prohibitio
1398 574 1459 605 per
1483 575 1607 596 novam
1633 564 1913 596 constitutionem
1940 564 2132 597 Innocentii

669 621 790 662 Quarti
818 621 920 654 Extra
951 622 995 654 de
1028 621 1264 665 regularibus²
1290 623 1346 659 (1),
1376 621 1434 652 ubi
1459 621 1659 663 prohibetur
1681 622 1775 663 quod
1801 622 1894 654 nullo
1920 622 2024 654 modo
2050 628 2132 653 sunt

669 679 756 711 infra
780 679 909 712 dictum
934 685 1070 721 tempus
1088 679 1213 711 novicii
1239 679 1282 710 ad
1301 679 1529 720 profitendum
1556 679 1743 711 inducendi
1761 685 1794 711 et
1819 679 1920 711 etiam
1939 679 2062 711 dicitur
2087 679 2133 711 ibi

669 736 762 778 quod
787 736 815 768 si
844 736 965 778 aliquis
990 736 1151 769 inductus
1183 735 1361 778 profitetur
1388 747 1459 768 non
1492 741 1543 768 est
1568 747 1609 768 ex
1642 737 1710 768 hoc
1735 736 1779 768 illi
1805 736 1915 768 ordini
1947 736 2132 779 obligatus,

670 794 731 826 sed
756 794 948 826 secundum
974 793 1107 835 aliquos
1136 793 1349 836 expositores
1377 793 1490 825 ordini
1519 793 1591 825 sive
1616 793 1774 835 religioni
1809 794 1841 825 in
1867 794 2019 837 generali
2049 794 2133 826 obli-

669 857 780 893 gatus.
823 851 893 884 Sed
926 851 954 883 si
988 851 1089 883 vellet
1122 857 1247 893 sponte
1297 853 1300 890 Ι
1351 851 1501 892 profiteri
1541 851 1593 883 vel
1629 862 1666 883 se
1700 851 1854 893 obligare
1888 852 1931 883 ad
1966 858 2134 893 perpetuo

668 909 916 941 remanendum
942 914 1065 950 potest,
1091 920 1161 940 non
1187 914 1301 940 tamen
1335 908 1533 940 solemniter
1557 908 1761 950 profitendo.
1788 909 1823 940 Si
1850 909 1950 940 etiam
1968 908 1978 925 ⁸
2003 914 2134 951 peteret

667 965 849 997 consilium
874 966 917 997 ab
934 965 1048 1007 aliquo
1074 965 1162 997 illius
1180 965 1310 997 ordinis
1328 965 1371 997 de
1390 966 1584 1007 profitendo
1603 965 1726 1004 statim,
1744 965 1770 996 si
1790 966 1843 997 ille
1868 977 1887 997 a
1913 976 1982 1007 quo
2001 972 2132 1007 peteret

667 1023 798 1055 videret
822 1024 915 1065 quod
940 1023 1153 1055 sufficienter
1170 1029 1262 1055 esset
1279 1029 1440 1065 expertus
1457 1023 1643 1063 gravitates
1666 1023 1796 1054 ordinis
1814 1029 1847 1055 et
1871 1030 1995 1060 cetera,
2015 1029 2133 1065 posset

668 1081 698 1113 ei
727 1081 916 1113 consulere.
942 1081 1021 1112 Non
1046 1086 1159 1112 tamen
1189 1080 1263 1112 sic*
1292 1081 1463 1112 diceretur
1491 1091 1568 1112 eum
1599 1080 1772 1119 inducere,
1803 1081 1882 1122 quia
1912 1081 1965 1112 ille
1995 1081 2132 1122 proprie

667 1138 798 1170 inducit
826 1138 927 1170 alium
961 1138 1017 1180 qui
1047 1143 1192 1170 conatur
1220 1138 1293 1169 eius
1326 1138 1534 1169 voluntatem
1565 1137 1736 1179 aliquibus
1766 1137 2050 1179 persuasionibus
2080 1138 2131 1169 vel

667 1195 844 1238 promissis
869 1196 921 1227 vel
947 1195 1143 1227 huiusmodi
1173 1196 1215 1227 ad
1241 1195 1369 1236 aliquid
1387 1195 1552 1227 inclinare
1571 1196 1613 1226 ad
1639 1195 1733 1236 quod
1760 1196 1802 1227 de
1828 1206 1865 1226 se
1891 1206 1960 1227 non
1979 1202 2030 1227 est
2054 1195 2131 1227 talis

667 1253 850 1286 inclinatus
875 1259 908 1285 et
932 1259 1055 1285 cetera.

1233 1457 1472 1498 QUAESTIO
1499 1458 1570 1490 xv.

673 1570 813 1608 Utrum
845 1569 1128 1606 monasterium
1163 1569 1326 1620 aliquod
1357 1570 1505 1606 liabens
1533 1570 1605 1606 sub
1634 1583 1674 1606 se
1703 1569 1875 1619 aliquem
1901 1570 2131 1618 prioratum

734 1636 961 1687 fundatum
995 1636 1042 1672 de
1075 1636 1186 1672 bonis
1223 1635 1399 1672 alicuius
1431 1636 1614 1686 defuncti
1649 1637 1724 1672 lzac
1763 1636 1978 1672 intentione
2013 1639 2055 1672 ut
2085 1637 2133 1673 de

745 1702 825 1739 illis
859 1702 1133 1739 ministrantes
1167 1702 1207 1739 in
1244 1702 1309 1738 illo
1338 1702 1524 1751 prioratu
1559 1705 1830 1739 sustententur
1862 1705 1896 1739 et
1935 1705 1977 1738 ut
2013 1703 2129 1739 etiam

743 1769 1030 1818 hospitalitates
1058 1772 1093 1805 et
1121 1768 1383 1818 eleemosynae
1414 1769 1453 1805 in
1487 1768 1551 1805 illo
1578 1769 1661 1805 loco
1685 1769 1842 1817 possint
1859 1769 1968 1818 fieri,
1999 1782 2131 1805 conve-

744 1835 898 1872 nienter
917 1835 1047 1884 possit
1073 1835 1146 1872 tali
1168 1835 1375 1884 prioratui
1399 1836 1446 1872 de
1475 1848 1572 1872 novo
1600 1836 1800 1884 imponere
1829 1835 1991 1885 aliquod
2019 1848 2130 1872 onus.

754 1994 878 2026 Postea
907 1994 1135 2035 quaerebatur
1161 1993 1253 2025 aliud
1285 1993 1461 2036 pertinens
1496 1994 1538 2025 ad
1572 1993 1859 2036 gubernationem
1891 1993 2130 2035 temporalium

663 2053 834 2084 bonorum
863 2051 1022 2084 videlicet
1046 2057 1158 2082 utrum
1183 2051 1428 2083 monasterium
1457 2051 1596 2092 aliquod
1622 2050 1694 2083 sive
1719 2051 1827 2082 abbas
1852 2051 1986 2083 habens
2010 2052 2075 2082 sub
2093 2062 2130 2083 se

664 2109 811 2151 aliquem
836 2109 1022 2151 prioratum
1047 2109 1228 2140 fundatum
1254 2109 1297 2141 de
1333 2110 1337 2148 Ι
1373 2108 1475 2140 bonis
1493 2108 1636 2140 alicuius
1665 2108 1820 2140 defuncti
1848 2109 1914 2140 hac
1939 2108 2130 2140 intentione

663 2172 699 2198 ut
727 2167 770 2199 de
797 2166 898 2199 bonis
918 2166 929 2183 ⁵
956 2166 1019 2198 illis
1048 2165 1280 2198 ministrantes
1304 2165 1338 2198 in
1368 2166 1424 2198 illo
1454 2166 1605 2208 prioratu
1633 2171 1870 2198 sustententur
1901 2172 1933 2198 et
1967 2172 2004 2197 ut
2028 2166 2128 2198 etiarn

661 2224 912 2266 hospitalitates
940 2229 973 2256 et
1001 2224 1244 2265 eleemosynae
1268 2223 1302 2255 in
1328 2223 1386 2255 illo
1410 2224 1489 2256 loco
1514 2224 1707 2256 secundum
1735 2223 1935 2256 facultatum
1960 2223 2129 2265 quantita-

661 2287 729 2314 tem
758 2281 893 2324 possint
919 2281 992 2314 fieri
1027 2281 1284 2319 convenienter,
1318 2281 1428 2323 possit
1460 2281 1516 2312 tali
1550 2281 1713 2323 prioratui
1746 2281 1789 2313 de
1822 2292 1914 2313 novo
1949 2281 2128 2322 imponere

662 2339 800 2381 aliquod
818 2350 907 2371 onus
924 2344 1044 2381 utpote
1061 2339 1155 2380 quod
1181 2338 1392 2371 monasterio
1411 2338 1591 2380 principali
1608 2339 1662 2371 vel
1684 2338 1749 2370 sibi
1773 2344 1930 2371 teneatur
1949 2338 1960 2354 ⁶
1983 2338 2127 2381 singulis

750 2494 759 2509 ¹
778 2498 873 2520 autem
894 2493 923 2520 P.
943 2509 976 2512 —
997 2493 1006 2508 ²
1019 2492 1190 2528 regulariter
1210 2493 1240 2519 P.
1260 2509 1292 2512 —
1312 2493 1324 2508 ⁸
1342 2493 1366 2519 si
1387 2492 1484 2526 etiam]
1505 2492 1557 2518 sed
1577 2497 1605 2519 et
1625 2493 1655 2519 P.
1675 2509 1707 2512 —
1728 2494 1737 2508 ⁴
1751 2493 1795 2519 bis
1814 2493 1877 2519 PV.
1898 2509 1930 2512 —
1951 2493 2028 2519 ⁵om.
2049 2493 2079 2519 P.
2094 2509 2127 2513 —

661 2538 671 2552 ⁸
684 2541 819 2564 tenentur
831 2537 864 2563 V.

747 2663 786 2694 (1)
815 2670 839 2687 c.
859 2663 883 2687 2.
903 2660 940 2687 de
959 2660 1082 2695 regular.
1108 2660 1156 2686 111.
1182 2661 1215 2686 14
1237 2660 1265 2686 in
1289 2660 1367 2686 Sext.
1396 2660 1435 2692 (in
1463 2660 1576 2686 collect.
1603 2660 1748 2686 Decretal.
1776 2660 1936 2687 Innocentii
1963 2661 2012 2693 IV,
2037 2669 2062 2687 c.
2082 2662 2127 2694 32,

660 2705 738 2741 apud
757 2705 916 2737 Bohmer‚
937 2704 1024 2739 Corp.
1043 2703 1113 2729 iuris
1133 2712 1204 2735 can.‚
1224 2708 1242 2729 t.
1263 2704 1298 2735 11,
1319 2703 1465 2738 appendix
1486 2704 1536 2735 111,
1556 2704 1620 2730 coll.
1641 2705 1693 2730 356
1712 2706 1774 2739 sq.).
