2493 3458
731 409 945 436 SECUNDUM
972 411 1267 444 QUODLIBETUM,
1297 412 1331 446 Q.
1361 413 1387 438 ΙΙ
1759 416 1786 439 61

327 498 436 535 (aliter
461 498 561 530 etiam
587 509 688 539 quam
715 498 876 530 differunt
901 499 933 530 in
958 500 1034 531 Deo
1051 500 1201 531 essentia
1219 506 1252 532 et
1270 512 1346 532 esse
1365 502 1475 532 solum
1492 501 1633 539 ratione,
1653 509 1792 544 propter

327 556 420 596 quod
438 556 539 587 etiam
557 556 649 587 nulla
666 562 821 587 creatura
841 556 883 586 ita
902 556 1025 587 (licitur
1042 569 1141 588 suum
1160 568 1237 589 esse
1255 558 1343 589 sicut
1361 558 1483 589 dicitur
1500 559 1543 590 de
1566 559 1666 599 Deo),
1687 561 1791 591 multo

326 613 436 655 magis
454 619 505 644 est
522 613 707 644 dicendum
726 614 820 653 quod
846 613 920 654 ipsa
946 615 1097 645 essentia
1122 621 1299 646 creaturae
1324 616 1459 647 realiter
1484 627 1554 647 non
1581 617 1689 657 possit
1715 628 1791 648 esse

326 670 526 702 indifferens
551 671 594 701 ad
620 681 697 701 esse
734 676 766 702 et
799 682 867 701 non
901 682 987 702 esse.
1022 672 1127 703 Immo
1161 683 1237 704 cum
1271 673 1472 714 producitur
1504 684 1558 704 res
1592 675 1634 704 ab
1667 681 1792 717 agente

326 728 368 758 de
401 738 470 758 non
504 738 582 758 esse
615 727 815 758 existentiae
845 728 888 758 ad
918 739 995 759 esse
1024 729 1235 767 existentiae,
1266 730 1465 770 producitur
1493 730 1593 761 etiam
1627 731 1686 761 in¹
1715 742 1792 762 esse

327 785 498 817 essentiae
514 785 540 823 '²3
560 791 592 816 et
610 796 686 817 cum
706 787 934 828 corrumpitur
952 788 994 818 (16
1012 797 1089 817 esse
1108 787 1308 818 existentiae
1334 787 1368 823 in
1392 798 1464 819 non
1489 799 1566 819 esse
1592 789 1792 820 existentiae

326 843 554 884 corrumpitur
583 843 682 874 etiam
714 844 756 875 de
786 855 862 875 esse
889 844 1061 875 essentiae
1087 844 1119 874 in
1147 855 1215 875 non
1243 855 1320 875 esse
1350 845 1522 877 essentiae
1539 845 1558 876 ³³.
1589 847 1662 878 Nec
1692 847 1792 877 etiam

325 906 440 942 potest
466 900 616 932 essentia
642 900 706 932 isto
725 902 830 932 modo
852 902 972 932 eadem
992 901 1127 932 realiter
1145 901 1296 933 existens
1315 913 1393 933 cum
1411 914 1472 934 sua
1491 903 1671 935 existentia
1687 904 1697 920 ⁴
1716 915 1792 936 esse

326 957 524 989 indifferens
543 969 561 989 a
579 969 643 989 suo
663 969 740 989 esse
758 959 961 989 existentiae
980 959 1171 990 secundum
1190 959 1504 991 considerationem
1523 967 1555 991 et
1573 961 1792 1000 intellectum⁷

325 1015 369 1046 ita
395 1016 487 1056 quod
515 1015 624 1056 possit
649 1015 789 1058 intelligi
815 1016 949 1047 realiter
974 1016 1007 1047 id
1034 1017 1127 1057 quod
1154 1027 1207 1048 res
1233 1017 1308 1058 ipsa
1326 1023 1378 1048 est
1395 1019 1587 1049 secundum
1607 1019 1792 1050 essentiam

325 1073 376 1104 vel
396 1074 588 1104 secundum
607 1084 683 1104 esse
703 1073 775 1104 eius
794 1074 965 1105 essentiae
984 1079 1017 1105 et
1034 1084 1103 1105 non
1123 1074 1331 1116 intelligatur
1348 1075 1482 1107 realiter
1500 1076 1533 1106 id
1552 1077 1645 1117 quod
1663 1087 1716 1108 res
1742 1084 1794 1108 est

325 1131 517 1162 secundum
536 1130 749 1162 existentiam
768 1132 819 1162 vel
840 1132 1031 1162 secundum
1049 1131 1059 1147 ⁵
1077 1142 1154 1162 esse
1171 1132 1381 1164 existentiae.
1403 1133 1489 1164 Cum
1509 1133 1599 1164 enim
1619 1135 1704 1165 haec
1723 1145 1793 1166 non

325 1187 393 1219 sint
410 1188 566 1219 diversae
584 1199 638 1219 res
665 1189 726 1219 sed
752 1199 830 1225 una,
858 1199 926 1220 non
953 1194 1067 1230 potest
1092 1189 1158 1219 dici
1185 1190 1277 1230 quod
1304 1189 1512 1232 intelligatur
1537 1192 1686 1223 essentia
1711 1192 1793 1233 quin

325 1245 426 1277 etiam
444 1245 653 1288 intelligatur
670 1256 757 1283 esse,
777 1257 853 1277 esse
872 1246 1010 1287 quidem
1028 1246 1074 1277 rei
1093 1257 1210 1277 verum
1227 1246 1237 1262 ⁶
1254 1253 1287 1278 et
1304 1248 1394 1279 reale
1413 1254 1505 1279 extra
1530 1248 1562 1279 in
1590 1249 1705 1290 ,seipsa
1729 1250 1794 1281 sub

325 1303 457 1334 ratione
482 1303 700 1344 incomp1exi,
727 1303 806 1335 licet
830 1314 900 1334 non
927 1314 1003 1335 esse
1030 1303 1234 1335 diminutum
1260 1305 1354 1345 quod
1381 1305 1505 1337 dicitur
1530 1317 1607 1338 esse
1625 1317 1742 1338 verum
1759 1307 1792 1338 in

325 1360 438 1391 anima
464 1366 496 1392 et
520 1361 584 1391 51111
610 1360 741 1392 ratione
767 1361 950 1402 complexi:
972 1367 1073 1402 prout
1098 1361 1180 1393 dicit
1205 1362 1466 1394 Commentator
1479 1365 1524 1403 (1)
1543 1370 1664 1404 quarto
1690 1365 1792 1396 Meta-

325 1418 499 1459 physicae‚
519 1419 612 1459 quod
637 1419 705 1449 hoc
730 1419 986 1459 praedicatum:
1006 1424 1066 1455 est„
1086 1430 1163 1450 cum
1192 1422 1195 1459 Ι
1225 1420 1348 1451 dicitur
1372 1431 1426 1451 res
1452 1420 1565 1462 aliqua
1591 1427 1651 1460 est,
1678 1428 1793 1463 potest

325 1486 401 1506 esse
420 1482 453 1506 et
470 1475 704 1517 praedicatum
724 1476 907 1507 essentiale
926 1487 986 1517 per
1004 1477 1143 1507 modum
1162 1477 1300 1519 generis
1319 1478 1371 1509 vel
1390 1478 1603 1510 accidentale
1627 1479 1698 1511 sive
1724 1481 1766 1511 de
1783 1480 1793 1496 ⁷

325 1533 514 1565 accidente.
534 1533 575 1564 Et
593 1533 642 1564 sic
660 1539 824 1574 quantum
844 1533 1043 1576 intelligitur
1061 1535 1103 1565 de
1122 1534 1274 1565 essentia
1292 1535 1350 1570 rei,
1368 1541 1500 1566 tantum
1527 1536 1724 1579 intelligitur
1750 1538 1791 1569 de

325 1601 402 1621 esse
420 1590 528 1631 ipsius
546 1596 579 1621 et
596 1601 614 1621 e
633 1601 816 1629 converso,
835 1591 913 1631 quia
933 1597 1098 1631 quantum
1117 1591 1217 1623 etiam
1236 1593 1342 1623 habet
1358 1604 1413 1623 res
1431 1594 1474 1624 de
1492 1594 1643 1625 essentia
1660 1600 1791 1626 tantuin

325 1649 429 1679 habet
447 1648 490 1679 de
508 1658 595 1685 esse,
615 1654 649 1678 ut
667 1648 695 1679 si
712 1649 817 1679 habet
835 1648 1021 1680 essentiam
1047 1649 1080 1679 in
1107 1654 1186 1680 actu
1212 1655 1245 1681 et
1269 1650 1455 1681 formaliter
1479 1651 1513 1681 111
1538 1651 1662 1693 seipsa,
1689 1653 1792 1684 habet

324 1705 425 1737 etiam
444 1705 570 1736 6556111
597 1711 685 1744 actu,
712 1705 739 1736 si
765 1712 877 1737 autem
903 1707 1007 1737 habet
1032 1706 1217 1737 essentiam
1242 1707 1275 1738 in
1302 1708 1455 1748 potentia
1484 1714 1517 1739 et
1545 1709 1731 1741 virtualiter
1758 1710 1791 1741 in

324 1762 395 1794 suis
420 1763 544 1801 causis,
570 1764 675 1794 habet
701 1763 801 1794 etiam
828 1774 905 1795 esse
930 1763 963 1794 in
991 1764 1162 1804 potentia;
1190 1770 1222 1795 et
1248 1776 1265 1795 e
1291 1776 1470 1803 converso⁷
1496 1772 1532 1797 ut
1549 1766 1577 1797 si
1595 1767 1722 1809 aliquid
1741 1773 1792 1799 est

323 1821 427 1852 homo
446 1820 645 1862 simpliciter
662 1820 734 1852 sive
752 1821 785 1851 in
804 1827 892 1858 actu7
912 1827 963 1852 est
981 1821 1082 1852 etiam
1101 1821 1299 1863 simpliciter
1317 1828 1349 1854 et
1366 1823 1399 1854 in
1418 1829 1507 1862 actu⁷
1525 1824 1553 1855 si
1571 1824 1605 1855 in
1628 1825 1790 1866 potentia,

322 1878 357 1909 in
383 1878 546 1919 potentia,
565 1889 607 1909 eo
633 1879 736 1919 quod,
757 1884 791 1909 ut
809 1878 938 1909 dictum
957 1884 1017 1916 est,
1038 1890 1114 1909 6556
1134 1885 1166 1910 et
1184 1880 1334 1911 essentia
1352 1880 1487 1912 realiter
1504 1892 1574 1913 non
1594 1882 1755 1914 differunt
1771 1883 1790 1914 ⁸.

322 1936 365 1967 Et
382 1935 432 1967 sie
448 1946 519 1967 non
538 1941 651 1977 potest
669 1935 736 1967 dici
755 1936 847 1976 quod
874 1936 976 1967 alicui
1003 1943 1180 1968 creaturae
1207 1937 1389 1969 conveniat
1416 1949 1492 1970 esse
1518 1940 1690 1972 essentiae
1715 1940 1791 1971 sim-

323 1993 455 2035 pliciter
480 1999 513 2024 et
538 1993 571 2024 in
596 1999 685 2031 actu,
713 1999 831 2035 utpote
857 1994 950 2034 qumi
977 1994 1103 2034 aliquid
1129 1994 1171 2025 sit
1196 1995 1301 2026 homo
1326 1995 1379 2027 vel
1402 1996 1526 2027 animal
1545 1997 1742 2039 simpliciter
1760 2004 1792 2030 et

322 2051 356 2081 in
375 2056 464 2088 actu,
483 2056 515 2082 et
533 2061 604 2082 non
623 2051 809 2082 conveniat
834 2051 862 2082 61
890 2062 967 2083 6556
993 2051 1194 2083 existentiae
1220 2052 1418 2094 simpliciter
1442 2059 1474 2085 et
1498 2054 1532 2085 in
1557 2060 1646 2093 actu,
1673 2061 1791 2097 utpote

324 2109 417 2149 quod
435 2119 505 2139 non
525 2108 567 2146 sit
584 2109 637 2140 vel
655 2108 777 2139 existat
795 2108 827 2139 in
847 2114 924 2140 actu
944 2114 1036 2140 extra
1054 2109 1087 2140 in
1106 2120 1217 2140 rerum
1236 2116 1366 2141 natura.

412 2166 604 2206 Loquendo
636 2167 639 2206 Ι
671 2166 713 2197 de
742 2166 794 2197 his
824 2177 968 2207 quorum
999 2167 1148 2197 essentia
1173 2167 1227 2198 vel
1252 2173 1373 2199 natura
1402 2180 1470 2200 non
1498 2160 1655 2201 consistit
1679 2172 1790 2202 solum

302 2214 303 2217 Ἰ
323 2223 356 2254 111
377 2223 387 2239 ⁹
411 2223 553 2266 intelligi
571 2224 622 2254 vel
640 2223 674 2254 in
693 2234 769 2255 esse
791 2224 942 2265 cognito,
962 2230 994 2255 et
1012 2225 1104 2265 quod
1130 2235 1200 2255 non
1226 2226 1355 2256 habent
1381 2237 1458 2258 esse
1484 2227 1547 2258 11151
1566 2227 1599 2258 111
1617 2228 1790 2261 intellectu

322 2281 375 2312 vel
405 2281 504 2312 etiam
534 2280 568 2311 in
596 2280 808 2323 cognitione,
838 2282 899 2312 sed
933 2282 1032 2313 etiam
1067 2281 1099 2312 in
1133 2282 1256 2323 seipsis
1289 2283 1322 2314 in
1341 2284 1364 2299 ¹¹³
1392 2295 1427 2315 re
1460 2290 1563 2323 extra,
1594 2296 1710 2317 verum
1740 2293 1791 2318 est

481 2338 502 2354 11

324 2338 460 2379 quidem
528 2339 621 2379 quod
647 2338 798 2370 essentia
823 2338 870 2370 rei
897 2339 1074 2380 potissime
1103 2339 1286 2371 materialis
1315 2341 1466 2372 existens
1495 2342 1528 2373 in
1558 2348 1635 2374 actu
1665 2344 1790 2385 duplex

414 2494 419 2507 ¹
436 2493 478 2517 bis
494 2493 524 2518 V.
540 2508 571 2511 ἡ
586 2493 596 2507 2
610 2492 781 2518 existentiae
796 2493 824 2518 Ρ.
840 2509 872 2511 —
884 2493 894 2507 ²¹
909 2493 1102 2527 corrumpitur
1116 2493 1202 2519 etiam
1218 2510 1249 2512 —
1265 2495 1418 2529 essentiae]
1435 2505 1488 2522 om.
1503 2497 1533 2522 P.
1548 2513 1580 2515 —
1595 2498 1604 2512 ⁴
1619 2499 1745 2524 essentia
1759 2499 1789 2524 P.

324 2551 355 2554 ψ
371 2537 380 2550 ⁵
391 2535 452 2561 eius
466 2536 534 2562 mid.
546 2536 576 2562 P.
588 2552 620 2554 —
635 2537 644 2550 ⁸
655 2545 708 2562 om,
721 2536 750 2562 P.
763 2552 795 2554 —
812 2537 819 2551 ⁷
830 2546 884 2562 om.
900 2537 928 2562 P.
942 2553 972 2555 —
985 2539 994 2549 Η
1005 2537 1120 2562 realiter
1135 2546 1191 2564 11011
1206 2538 1352 2572 differunt]
1367 2548 1424 2564 uon
1439 2539 1575 2566 differunt
1591 2541 1707 2567 realiter
1718 2542 1746 2567 P.
1758 2558 1789 2560 —

323 2580 333 2593 ⁰
347 2588 400 2605 om.
416 2579 445 2605 P.
460 2595 492 2598 —
510 2580 529 2594 ¹⁰
542 2583 571 2605 et
591 2580 620 2605 P.
635 2596 667 2598 —
685 2581 701 2594 ¹¹
717 2588 771 2605 om.
786 2580 815 2606 P.

410 2699 448 2729 tl)
465 2697 521 2723 Cfr.
538 2697 707 2723 Averrois
722 2698 930 2732 *Metaplzysicffi
946 2698 961 2723 l.
979 2698 1025 2727 IV,
1040 2708 1063 2724 c,
1080 2701 1091 2724 1
1107 2699 1258 2731 (Venetus,
1274 2701 1349 2732 1552,
1366 2700 1413 2726 sol.
1429 2702 1460 2726 31
1477 2706 1540 2735 sq).

1850 1410 1914 1436 cod.
1927 1411 1951 1436 V

1821 1446 1931 1472 {0125ss
1943 1446 1983 1471 Vl)

1848 2168 1912 2194 cod.
1925 2168 1946 2193 P

1819 2203 1867 2229 fol.
1880 2205 1928 2229 141
1941 2203 1981 2228 Va
