2493 3458
780 444 928 470 PRIMUM
958 445 1253 478 QUODLIBETUM,
1283 446 1318 479 Q.
1349 447 1386 471 [V
1798 447 1815 472 7

923 675 1159 714 QUAESTIO
1185 677 1238 708 IV.

394 773 533 809 Utrum
558 772 724 808 materia
741 772 877 820 prima
900 777 1033 809 creata
1049 774 1180 823 fuerit
1199 775 1258 811 vel
1278 777 1411 811 creari
1427 777 1603 824 potuerit
1621 778 1781 814 omnino

714 839 902 888 iqfhrmis
922 840 1002 875 sive
1023 854 1164 876 carens
1185 842 1457 891 onzniforma.

439 988 704 1029 Consequenter
720 988 812 1019 circa
829 994 1004 1020 creaturas
1023 991 1253 1030 quaerebatur
1278 991 1387 1032 primo
1413 998 1524 1023 utrum
1550 993 1689 1024 materia
1708 993 1815 1034 prima

348 1051 464 1078 creata
481 1045 581 1077 fuerit
597 1046 649 1077 vel
667 1046 776 1077 creari
804 1046 953 1087 potuerit
981 1047 1123 1079 omnino
1152 1047 1306 1080 informis
1334 1049 1406 1080 sive
1432 1060 1555 1081 carens
1577 1050 1669 1081 omni
1695 1051 1813 1082 forma.

350 1103 392 1135 Et
409 1104 616 1146 arguebatur
643 1104 737 1144 quod
759 1103 818 1139 sic,
837 1103 915 1144 quia
938 1110 995 1135 aut
1020 1104 1081 1135 fuit
1104 1111 1218 1137 creata
1245 1107 1309 1137 sub
1334 1106 1446 1147 aliqua
1474 1107 1582 1138 forma
1610 1108 1815 1139 secundaria

350 1160 480 1192 scilicet
506 1160 650 1192 alicuius
673 1160 828 1202 corporis
853 1161 954 1199 mixti,
979 1168 1037 1192 aut
1059 1163 1123 1193 sub
1146 1163 1257 1194 forma
1284 1163 1441 1204 primaria
1468 1164 1612 1196 alicuius
1637 1165 1815 1206 corporis¹

349 1217 522 1259 simplicis.
540 1218 620 1249 Non
638 1219 702 1249 sub
720 1218 829 1249 forma
847 1219 1062 1257 secundaria,
1077 1220 1157 1260 quia
1174 1231 1245 1252 non
1262 1220 1384 1252 fuisset
1402 1227 1556 1253 servatus
1575 1222 1710 1254 debitus
1729 1224 1814 1254 ordo

350 1281 382 1307 et
399 1286 586 1316 processus
604 1281 747 1307 naturae
765 1275 822 1316 qui
841 1276 945 1308 debet
960 1288 1037 1308 esse
1063 1288 1081 1308 a
1107 1277 1278 1318 prioribus
1307 1284 1339 1310 et
1356 1279 1621 1320 simplicioribus
1640 1281 1683 1311 ad
1702 1286 1814 1321 poste-

349 1333 438 1364 riora
456 1338 488 1364 et
510 1333 712 1374 composita.
735 1334 809 1365 Nee
833 1335 897 1365 sub
927 1334 1035 1365 forma
1057 1334 1224 1376 primaria,
1244 1336 1323 1376 quia
1352 1347 1422 1367 non
1451 1337 1515 1367 sub
1538 1337 1646 1368 forma
1671 1337 1814 1369 alicuius

349 1390 509 1422 elementi
521 1390 745 1422 determinate
760 1402 801 1422 eo
817 1392 910 1432 quod
923 1391 1108 1432 aliquando
1124 1392 1264 1424 nomine
1279 1404 1389 1434 aquae
1403 1394 1813 1436 significatur,aliquando

349 1448 488 1479 nomine
506 1448 632 1489 abyssi,
651 1448 836 1489 aliquando
855 1449 995 1480 nomine
1012 1455 1132 1488 terrae,
1148 1451 1241 1491 quod
1255 1452 1447 1483 secundum
1465 1452 1716 1493 expositionem
1735 1453 1814 1484 doc-

349 1512 459 1537 torum
478 1506 606 1537 factum
625 1512 676 1537 est
694 1511 730 1537 ut
747 1507 811 1537 sub
830 1506 955 1537 nullius
973 1507 1130 1538 elementi
1157 1508 1371 1539 determinati
1396 1509 1505 1540 forma
1530 1509 1671 1541 materia
1696 1509 1814 1542 intelli-

347 1568 448 1606 gatur
465 1563 644 1604 producta.
664 1563 734 1595 Sed
752 1563 827 1595 illae
845 1564 977 1596 formae
1002 1565 1259 1603 elementorum,
1277 1572 1313 1597 ut
1338 1566 1465 1598 dictum
1491 1572 1552 1605 est,
1570 1573 1650 1598 sunt
1674 1567 1813 1609 primae.

348 1621 441 1663 Ergo
458 1620 659 1661 relinquitur
676 1621 850 1652 materiam
870 1622 1073 1662 procinctam
1091 1622 1199 1654 fuisse
1217 1623 1358 1655 omnino
1377 1624 1509 1665 absque
1527 1625 1645 1655 forma.

437 1678 575 1709 Contra.
595 1678 772 1718 Quantum
785 1689 855 1710 non
870 1685 985 1720 potest
998 1679 1069 1710 fieri
1085 1679 1159 1711 sine
1173 1680 1372 1721 quantitate⁷
1386 1692 1451 1712 nec
1465 1693 1570 1713 unum
1585 1682 1659 1714 sine
1673 1682 1812 1721 unitate,

348 1741 381 1767 et
398 1735 447 1767 sic
465 1736 508 1767 de
526 1735 608 1767 aliis.
628 1735 720 1778 Ergo
738 1736 973 1768 universaliter
991 1736 1075 1767 nec2
1093 1743 1206 1778 potest
1225 1738 1351 1779 aliquid
1366 1750 1444 1770 esse
1465 1740 1670 1780 productum
1684 1740 1717 1771 in
1735 1746 1813 1772 actu

347 1793 487 1825 essendi
505 1794 636 1834 absque
654 1793 768 1834 aliquo
787 1799 875 1825 actu.
893 1794 964 1825 Sed
990 1800 1086 1825 actus
1113 1800 1145 1826 et
1170 1795 1279 1826 forma
1297 1797 1489 1827 secundum
1508 1797 1755 1839 Philosophum
1769 1798 1812 1838 (Ι)

347 1856 427 1882 sunt
444 1850 534 1882 idem
555 1850 574 1881 3.
593 1851 686 1893 Ergo
705 1851 786 1882 nihil
805 1856 919 1892 potest
937 1852 1064 1883 habere
1083 1863 1160 1884 esse
1178 1852 1211 1884 in
1230 1858 1309 1885 actu
1327 1854 1458 1895 absque
1484 1854 1596 1895 aliqua
1614 1856 1731 1893 forma,
1751 1856 1813 1887 sed

347 1913 484 1950 oportet
501 1908 594 1949 quod
612 1908 654 1939 sit
671 1909 781 1939 forma
799 1910 969 1950 quaedam
988 1910 1040 1941 vel
1058 1910 1203 1941 formam
1222 1911 1365 1942 habens.
1385 1911 1502 1951 Quare
1518 1918 1551 1943 et
1568 1918 1691 1944 cetera.

435 1966 629 1997 Dicendum
646 1966 739 2007 quod
757 1966 860 2007 aliqui
878 1966 1070 1998 doctrinam
1098 1978 1168 1998 non
1194 1968 1368 2000 modicum
1394 1969 1605 2001 fructuosam
1635 1970 1813 2002 cuiusdam

347 2023 498 2055 doctoris
516 2023 638 2055 famosi
657 2025 713 2063 (2),
732 2023 829 2055 cuius
848 2024 1013 2055 memoria
1031 2035 1107 2056 cum
1126 2025 1286 2056 laudibus
1312 2036 1391 2057 esse
1416 2027 1529 2065 debet,
1548 2032 1585 2058 ut
1608 2027 1641 2058 in
1660 2027 1813 2069 pluribus

348 2081 604 2124 impugnantes,
620 2081 673 2113 vel
698 2081 849 2113 deinde⁴
874 2087 994 2113 contra
1012 2082 1102 2113 dicta
1128 2093 1190 2113 sua
1215 2084 1456 2124 procedentes„
1475 2085 1518 2115 ad
1545 2084 1813 2117 diffamationem

347 2149 517 2180 personae
547 2138 672 2180 pariter
700 2144 733 2170 et
761 2139 939 2171 doctrinae
972 2140 1158 2181 opprobria
1191 2141 1302 2183 magis
1332 2152 1433 2182 quam
1468 2141 1617 2173 rationes
1650 2142 1813 2175 inducere

346 2202 612 2227 consueverunt.
628 2197 846 2228 Invenientes
864 2197 897 2227 in
917 2197 1071 2238 pluribus
1090 2197 1174 2229 locis
1187 2200 1232 2237 (3)
1251 2199 1344 2239 quod
1359 2199 1500 2230 materia
1517 2210 1587 2230 non
1606 2206 1721 2241 potest
1737 2211 1813 2232 esse

346 2253 419 2285 sine
437 2254 558 2293 forma,
577 2254 695 2285 dicunt
712 2255 805 2295 quod
819 2256 887 2286 hoc
904 2265 975 2286 non
993 2255 1103 2286 solum
1118 2254 1129 2271 5
1146 2260 1197 2286 est
1214 2256 1348 2294 falsum,
1367 2257 1429 2287 sed
1446 2262 1497 2288 est
1516 2268 1705 2289 erroneum.
1726 2258 1813 2289 Cum

345 2311 435 2343 enim
454 2311 519 2343 alia
537 2311 579 2343 sit
596 2312 746 2343 essentia
763 2312 925 2344 materiae
955 2318 987 2343 et
1012 2312 1077 2344 alia
1101 2313 1252 2344 essentia
1276 2314 1417 2353 formae,
1441 2320 1474 2345 et
1502 2315 1611 2356 magis
1639 2316 1814 2356 dependet

436 2455 440 2467 ¹
458 2452 535 2478 Mixti
548 2469 571 2472 fl
593 2454 732 2488 corporis]
746 2463 799 2478 om.
814 2454 842 2479 P.
859 2471 890 2472 j
904 2455 913 2468 '³
924 2454 1125 2479 universaliter
1140 2456 1203 2487 nec]
1220 2463 1273 2480 nec
1285 2455 1487 2481 universaliter
1503 2456 1531 2481 P.
1548 2472 1566 2473 j
1590 2458 1600 2470 ²²
1611 2457 1769 2482 secundum
1782 2473 1813 2475 —

343 2497 429 2529 idem]
442 2501 507 2522 sunt
519 2497 594 2523 idem
610 2496 769 2523 secundum
783 2498 989 2531 Philosophum
1004 2498 1031 2523 P.
1051 2514 1075 2516 Ἣ
1092 2499 1096 2511 ¹
1109 2494 1172 2523 ‹Pi'n
1184 2498 1219 2524 P:
1232 2498 1267 2523 de
1275 2494 1297 2523 ἶι
1310 2499 1332 2523 V
1344 2500 1372 2523 fl*
1384 2499 1484 2532 xsm'ps.
1496 2499 1524 2524 in
1539 2509 1634 2533 marg.
1647 2507 1678 2524 2¹¹
1695 2509 1772 2525 111ι111.
1785 2501 1814 2526 Ρ.

344 2556 375 2558 —
415 2549 472 2565 non
487 2541 590 2574 solum]
605 2542 697 2566 solum
716 2551 772 2567 non
790 2542 818 2567 P.

432 2652 469 2681 (l)
491 2650 702 2677 Aristotelis
723 2652 766 2676 De
785 2652 898 2680 1111111111,
919 2652 984 2683 1.11,
1006 2661 1028 2677 c.
1046 2653 1056 2677 l
1080 2652 1136 2680 (ed.
1158 2652 1280 2683 Bekker,
1302 2653 1357 2678 vol.
1376 2653 1396 2685 Ι,
1417 2662 1443 2686 p.
1464 2654 1535 2680 41¹2).
1555 2652 1624 2680 Ἐστι
1643 2653 1682 2684 δή
1703 2653 1748 2685 μὲν
1766 2653 1814 2686 ὕλη

335 2692 457 2725 δύναμις,
480 2693 509 2718 τὸ
529 2693 618 2722 &stam
638 2693 794 2728 ἐντελέχεια.
811 2711 842 2713 -
856 2697 893 2722 (2)
909 2695 955 2720 Th
964 2704 979 2719 ι’)
988 2704 1013 2720 111
1022 2704 1059 2720 ae
1075 2695 1271 2730 Aquinatis.
1287 2711 1318 2714 —
1334 2697 1371 2723 ‹3›
1386 2696 1417 2721 V.
1430 2696 1621 2729 gr.S.Th1>ml.,
1634 2696 1739 2729 I,q.(3b',
1754 2698 1817 2733 &13

345 2736 548 2771 Qnodl.111‚q.
563 2739 585 2769 1,
597 2746 621 2763 a.
635 2739 656 2763 1.
