2493 3458
501 550 565 575 cod.
581 549 600 575 S

478 584 527 611 fol.
541 586 575 611 4⁴3
590 584 629 610 Ra

502 2239 566 2266 cod.
581 2240 601 2265 S

478 2275 528 2302 fol.
541 2277 576 2302 48
590 2276 630 2301 Rb

657 417 709 440 320
1019 414 1209 440 MAGlsTRl
1240 413 1459 440 GODEFRlDl
1490 413 1540 439 DE
1570 412 1767 440 FONTIBUS

658 507 703 529 est
723 502 836 529 frustra.
858 503 917 529 Sed
937 506 1058 529 naturae
1076 503 1081 517 ¹
1105 501 1254 537 appetitus
1277 501 1370 535 magis
1393 501 1485 528 tendit
1508 500 1544 527 ad
1564 500 1808 536 perfectissimum
1829 509 1915 535 quam
1937 500 1973 526 ad
1994 500 2131 526 infimum.

659 553 737 586 Ergo
757 552 779 578 si
802 556 898 585 potest
919 551 980 578 dari
1002 551 1128 577 intimum
1151 551 1177 576 in
1199 550 1323 583 entibus,
1349 552 1352 584 Ι
1379 550 1468 576 multo
1483 550 1492 565 ²
1518 550 1582 585 plus
1609 554 1706 585 potest
1732 549 1800 584 poni
1826 558 1977 575 summum.
1999 549 2131 576 Inlimum

660 604 754 627 autem
776 604 874 635 potest
895 600 955 626 dari
976 599 1088 626 scilicet
1108 599 1229 625 materia
1250 607 1324 633 qnae
1345 603 1388 625 est
1409 607 1479 634 pura
1500 598 1639 633 potentia.
1661 598 1738 631 Ergo
1758 602 1786 624 et
1807 602 1913 624 cetera.

748 649 819 675 Item
841 653 943 675 natura
957 649 967 664 ³
986 657 1043 674 non
1064 647 1181 674 inchoat
1200 656 1369 682 processum
1397 647 1444 682 qui
1471 656 1528 673 non
1552 646 1645 682 possit
1670 646 1768 682 perfici
1790 655 1843 672 nec
1873 655 1925 681 per
1949 654 2133 681 consequens

660 698 776 724 inchoat
797 706 966 732 processum
988 697 1015 723 in
1037 696 1187 722 inlinitum.
1208 696 1266 722 Sed
1290 700 1405 722 constat
1431 695 1510 730 quod
1538 695 1655 721 inchoat
1681 703 1852 730 processum
1875 703 1933 729 quo
1949 696 1956 710 ⁴
1980 695 2072 721 tendit
2095 694 2132 721 ad

660 746 878 781 perfectionem.
901 746 977 779 Ergo
998 745 1064 772 talis
1084 754 1239 780 processus
1259 753 1315 771 non
1336 749 1434 780 potest
1455 745 1494 770 ire
1510 745 1519 759 ⁵
1539 744 1566 770 in
1587 743 1738 770 infinitum.
1753 744 1818 770 l-{oc
1838 744 1925 770 etiarn
1946 743 2133 770 confirmatur

659 803 712 830 per
733 794 802 820 Pliil‹
818 795 940 829 soplmm
958 796 996 825 (1)
1017 793 1064 829 qui
1086 794 1146 820 vult
1168 793 1246 828 quod
1271 802 1426 828 processus
1449 793 1476 819 in
1500 797 1687 825 augmentum
1712 792 1779 827 quia
1803 791 1883 818 vadit
1904 792 1940 818 ad
1962 791 2083 818 sormam
2104 796 2133 818 et

660 843 696 869 ad
717 848 823 874 actum,
843 852 899 869 non
924 842 1003 869 vadit
1024 843 1050 868 in
1073 842 1235 873 inlinitum;
1258 852 1274 867 e
1297 847 1397 868 contra
1421 850 1578 876 processus
1604 841 1640 867 ad
1661 840 1883 867 diminutionem
1907 841 1974 875 quia
1995 840 2075 867 vadit
2095 840 2132 867 ad

659 892 821 927 potentiam
850 891 912 918 sive
945 891 981 917 ad
1010 896 1106 917 actum
1139 891 1310 926 permixtum
1345 891 1502 926 potentiae.
1535 890 1614 916 vadit
1647 890 1673 916 in
1707 889 1858 916 inlinitum.
1891 889 2073 924 Augustinus
2093 891 2132 922 (2)

660 940 746 967 etiam
769 940 839 966 dicit
859 940 886 966 in
907 939 1050 975 principio
1076 940 1111 966 (lc
1139 940 1214 965 Vcra
1244 939 1396 973 Religione
1423 939 1500 973 quod
1526 939 1604 965 Deus
1618 940 1628 952 '¹
1651 938 1870 964 universitatem
1891 946 1985 964 rerum
2007 937 2134 970 inchoat,

660 989 789 1016 continet
810 994 838 1015 et
858 989 980 1024 perlicit.
1004 988 1063 1014 Sed
1086 988 1155 1014 illud
1173 989 1180 1003 ²
1203 988 1230 1014 in
1254 997 1311 1023 quo
1335 993 1379 1014 cst
1402 988 1551 1023 possibilis
1574 996 1730 1023 processus
1752 987 1779 1013 in
1800 987 1942 1013 infinitum
1958 987 1967 1001 *³
1987 995 2133 1022 nunquam

660 1038 817 1073 perficitur.
838 1038 916 1073 Ergo
937 1042 965 1064 et
985 1042 1092 1064 cetera.

749 1086 886 1113 Secundo
916 1086 992 1112 idem
1022 1090 1102 1121 patet
1118 1088 1128 1100 ¹*
1156 1095 1191 1112 cx
1222 1085 1392 1112 limitatione
1414 1090 1574 1117 creaturae,
1595 1085 1662 1120 quia
1687 1084 1820 1111 limitatio
1843 1088 1994 1111 creaturae
2015 1083 2135 1119 requirit

660 1135 878 1162 universitatem
909 1139 1105 1161 creaturarum
1135 1144 1191 1160 non
1222 1135 1314 1160 solum
1344 1134 1518 1160 existentem
1548 1134 1600 1160 scd
1629 1134 1716 1160 etiam
1750 1133 1920 1169 possibilem
1953 1133 2048 1159 claudi
2081 1133 2135 1159 sul)

661 1184 860 1210 determinatis
889 1184 1053 1217 generibus.
1080 1183 1138 1209 Scd
1166 1183 1192 1209 in
1219 1184 1261 1209 eis
1288 1192 1363 1218 qnae
1392 1183 1434 1209 sic
1464 1182 1637 1208 clauduntur
1666 1191 1722 1208 non
1752 1187 1819 1208 snnt
1847 1182 2003 1217 possibiles
2033 1182 2134 1208 infiniti

661 1233 778 1266 gradus.
809 1233 885 1267 Ergo
908 1237 937 1258 ct
960 1238 1066 1258 cetera.
1096 1231 1234 1258 l‘robatio
1263 1232 1389 1263 maioris,
1415 1232 1482 1266 quia
1509 1231 1691 1264 Augustinus
1711 1234 1750 1261 ‹3›
1781 1231 1851 1257 dicit
1870 1233 1889 1246 ¹¹¹*
1917 1231 2019 1265 quinto
2048 1239 2135 1266 super

662 1281 811 1313 Genesim,
841 1281 983 1315 vigesimo
1012 1280 1104 1316 primo
1134 1280 1272 1316 capitulo,
1293 1280 1370 1315 quod
1400 1280 1560 1306 secundnm
1591 1289 1699 1312 genera
1732 1289 1807 1314 quae
1838 1279 1961 1315 primum
1994 1279 2136 1312 condidit,

660 1339 737 1356 nova
767 1339 830 1356 eum
861 1330 950 1355 multa
981 1329 1078 1355 facere
1108 1338 1182 1364 qnae
1211 1335 1278 1355 tunc
1309 1338 1365 1355 non
1397 1329 1465 1355 fecit
1496 1328 1680 1354 manifestum
1707 1334 1760 1357 cst.
1786 1337 1892 1354 novum
1920 1334 2016 1354 autem
2043 1337 2136 1363 genus

661 1378 810 1405 instituere
832 1383 910 1404 recte
931 1378 1010 1404 credi
1031 1387 1087 1404 non
1110 1382 1215 1412 potest.
1238 1378 1271 1404 lit
1292 1378 1332 1403 sic
1353 1377 1512 1403 secundum
1534 1387 1598 1403 eum
1620 1386 1677 1403 non
1698 1383 1819 1412 possunt
1839 1386 1904 1403 esse
1925 1377 2007 1412 plura
2027 1386 2135 1410 genera

661 1433 858 1454 creaturarum
888 1436 973 1461 quam
1003 1426 1068 1453 sint.
1098 1426 1190 1452 Minor
1218 1427 1305 1452 ctiam
1339 1427 1486 1461 probatur,
1520 1426 1586 1461 quia
1619 1426 1726 1451 nullum
1759 1435 1851 1459 genus
1883 1425 1992 1452 claudit
2024 1425 2135 1452 infinita

660 1477 767 1502 virtute
797 1475 862 1510 quia
893 1476 947 1502 lioc
974 1481 1017 1502 est
1043 1475 1134 1501 solius
1161 1476 1212 1501 Ilei
1244 1475 1291 1510 qni
1321 1480 1365 1501 cst
1394 1480 1474 1501 extra
1505 1484 1606 1508 genus.
1635 1474 1694 1501 Sed
1724 1484 1817 1508 genus
1846 1475 1998 1509 quodlibet
2029 1474 2135 1501 virtute

661 1525 769 1552 claudit
790 1525 970 1551 differentias
990 1534 1065 1550 suas.
1090 1525 1167 1558 Ergo
1190 1524 1295 1550 nullius
1318 1523 1434 1557 generis
1457 1529 1523 1550 sunt
1547 1523 1675 1550 infinitae
1700 1523 1892 1555 differentiie,
1915 1532 1968 1550 nec
1993 1532 2045 1558 per
2067 1532 2136 1550 con-

660 1582 787 1608 sequens
816 1574 945 1599 infinitae
973 1573 1088 1608 specics
1117 1573 1276 1599 existentes
1299 1573 1344 1599 vel
1369 1573 1534 1608 possibiles.
1556 1572 1590 1598 Et
1611 1572 1651 1599 sic
1673 1577 1754 1607 patet
1774 1572 1852 1607 quod
1873 1581 1931 1598 non
1951 1577 2050 1607 potest
2069 1581 2134 1599 esse

661 1622 788 1648 infinitas
814 1622 841 1648 in
861 1624 877 1638 '¹
904 1622 960 1648 illis
985 1631 1060 1657 quae
1086 1622 1272 1648 emtincntur
1297 1622 1350 1647 snb
1376 1621 1576 1648 determinatis
1601 1621 1768 1655 generibus.
1790 1621 1861 1647 Item
1881 1621 2018 1655 analogia
2041 1629 2134 1647 rerum

661 1671 781 1706 requirit
810 1671 887 1706 quod
917 1671 1013 1697 omnia
1042 1679 1149 1704 genera
1173 1670 1282 1697 entium
1305 1671 1432 1696 habt-ant
1455 1670 1672 1696 attributionem
1694 1670 1731 1696 ει]
1751 1669 1870 1705 aliquod
1889 1678 2013 1705 primurn
2033 1679 2136 1705 genus,

661 1723 690 1746 et
715 1719 811 1746 omnia
838 1719 914 1745 illius
938 1719 1021 1755 primi
1047 1720 1163 1752 generis
1188 1719 1364 1746 reducantur
1389 1719 1426 1745 ad
1453 1719 1571 1754 aliquod
1601 1718 1723 1754 primum
1751 1718 1827 1744 illius
1852 1719 1969 1753 generis
1994 1718 2074 1753 quod
2098 1718 2148 1745 sit>

660 1777 795 1795 mensura
825 1769 952 1795 omnium
982 1769 1057 1794 illius
1074 1769 1094 1784 ¹²²
1121 1769 1238 1801 generis
1267 1777 1323 1794 non
1353 1768 1445 1794 solum
1474 1768 1549 1794 sicut
1578 1776 1712 1794 mensura
1741 1772 1822 1794 extra
1848 1776 1950 1801 genus,
1980 1766 2032 1794 sed
2061 1767 2136 1794 sicut

660 1826 795 1844 mensura
816 1817 842 1843 in
862 1826 979 1852 genere.
1000 1817 1060 1843 Sed
1081 1817 1108 1843 in
1126 1818 1144 1832 ⁸³
1164 1817 1283 1843 infinitis
1306 1826 1362 1843 non
1387 1822 1431 1843 est
1454 1817 1524 1843 dare
1548 1816 1680 1851 primum.
1701 1816 1778 1850 Ergo
1803 1816 1830 1842 in
1853 1817 1941 1842 rebus
1963 1815 2070 1842 creatis
2089 1815 2136 1842 vel

661 1866 837 1893 crealiilibus
857 1875 931 1900 quae
951 1866 1060 1892 liabent
1079 1875 1144 1892 esse
1165 1866 1192 1892 in
1212 1875 1330 1901 genere,
1350 1875 1407 1892 non
1427 1871 1471 1892 est
1491 1874 1648 1900 processus
1669 1865 1696 1891 in
1717 1865 1868 1891 infinitum.

748 1915 848 1941 Tertio
878 1915 954 1941 idem
983 1919 1064 1950 patet
1092 1918 1127 1941 ex
1157 1915 1258 1941 ordine
1286 1923 1381 1941 rerum
1411 1914 1447 1940 ad
1477 1914 1601 1940 invicem
1625 1914 1676 1945 sic,
1696 1913 1764 1949 quia
1786 1922 1943 1948 processus
1962 1922 2057 1940 rerum
2077 1921 2136 1939 non

661 1963 749 1990 debet
777 1963 871 1998 accipi
900 1963 1089 1998 procedendo
1119 1964 1155 1990 ab
1184 1963 1284 1990 infimo
1310 1963 1346 1990 ad
1373 1972 1539 1998 supremum
1563 1962 1643 1998 quod
1663 1967 1707 1989 est
1727 1962 1817 1993 Deus,
1836 1961 1889 1988 sed
1908 1961 2100 1997 procedendo
2120 1970 2136 1988 a

659 2011 754 2048 primo
783 2017 849 2039 eate
878 2012 1094 2047 simplicissimo
1124 2012 1161 2039 ad
1189 2012 1328 2039 infimum.
1356 2013 1392 2038 Et
1417 2013 1473 2038 hoc
1490 2013 1508 2027 ¹⁴
1534 2016 1615 2047 patet
1638 2020 1691 2047 per
1713 2011 1865 2044 rationem,
1889 2010 1957 2046 quia
1980 2019 2137 2046 processus

659 2061 748 2087 debet
776 2061 905 2096 incipere
934 2061 962 2087 in
991 2070 1049 2088 uno
1076 2061 1302 2096 simplicissimo.
1330 2070 1387 2087 non
1417 2065 1514 2087 autem
1540 2060 1569 2087 in
1595 2069 1630 2087 eo
1654 2060 1733 2095 quod
1758 2060 1847 2086 habet
1870 2059 2084 2086 multitudinem
2107 2063 2137 2086 et

659 2109 903 2144 potentialitatem
919 2118 925 2142 ;
948 2114 977 2136 et
996 2118 1049 2145 per
1067 2110 1170 2141 simile,
1194 2110 1262 2145 quia
1281 2118 1438 2145 processus
1457 2117 1642 2136 numerorum
1667 2117 1725 2135 non
1745 2108 1848 2143 incipit
1867 2108 1896 2134 in
1915 2107 2100 2134 multitudine
2117 2108 2138 2124 ¹⁵

658 2158 785 2184 maxima
813 2158 961 2185 tendendo
990 2163 1093 2194 postea
1120 2158 1157 2185 ad
1182 2158 1332 2191 unitatem,
1361 2158 1414 2185 sed
1437 2157 1538 2193 incipit
1567 2158 1604 2184 ab
1624 2158 1754 2189 unitate3
1783 2162 1813 2184 et
1841 2165 1894 2192 per
1912 2156 2019 2183 multas
2038 2161 2137 2183 aucto-

658 2206 760 2233 ritates
780 2206 875 2234 Procli
896 2209 935 2240 (4)
954 2206 1003 2242 qui
1023 2207 1084 2233 vult
1103 2207 1131 2234 in
1152 2206 1284 2242 pluribus
1303 2206 1554 2242 propositionibus
1579 2206 1657 2241 quod
1680 2205 1775 2233 omnis
1794 2205 1950 2232 multitudo
1970 2209 1999 2232 et
2019 2205 2056 2232 ab
2076 2213 2134 2231 uno

659 2255 761 2291 incipit
789 2260 818 2282 et
847 2255 883 2282 ad
912 2265 999 2282 unum
1016 2257 1036 2271 ²⁶
1063 2255 1220 2282 reducitur.
1244 2255 1304 2282 Sed
1326 2255 1392 2282 talis
1414 2264 1572 2291 processus
1591 2263 1649 2282 non
1669 2259 1771 2291 posset
1791 2255 1818 2281 in
1845 2255 1849 2288 Ι
1875 2254 1974 2290 cipere
1994 2253 2023 2280 in
2042 2253 2136 2290 primo

749 2390 756 2405 ²
776 2389 916 2416 naturalis
936 2389 969 2416 C.
989 2405 1022 2408 —
1043 2389 1054 2404 ²²
1073 2398 1128 2416 om.
1148 2388 1180 2416 C.
1201 2405 1234 2409 —
1253 2389 1264 2405 ³
1284 2391 1321 2415 no
1348 2389 1380 2416 C.
1404 2405 1437 2408 —
1461 2391 1470 2404 ⁴
1494 2388 1543 2424 qui
1566 2388 1598 2416 C.
1625 2404 1658 2408 -
1681 2389 1692 2404 ⁸
1711 2392 1810 2424 potest
1838 2388 1890 2422 ire]
1919 2387 2014 2414 tendit
2044 2386 2076 2414 C.
2102 2402 2136 2406 —-

657 2433 668 2447 ⁰
687 2432 724 2459 de
744 2433 777 2459 C.
797 2449 830 2452 —
852 2433 861 2448 ⁷
879 2432 910 2459 id
930 2432 962 2460 C.
978 2449 1011 2452 —
1032 2433 1042 2449 ⁸
1055 2437 1100 2460 est
1113 2449 1146 2453 —
1161 2432 1313 2467 infinitum]
1334 2432 1483 2468 possibilis
1502 2440 1659 2468 processus
1672 2431 1700 2458 in
1714 2431 1858 2458 infinitum
1878 2435 1923 2458 est
1937 2430 1970 2457 C.
1985 2446 2018 2450 —-
2033 2431 2044 2446 ⁰
2057 2430 2134 2457 idern

657 2478 748 2511 patet]
762 2480 844 2512 patet
857 2476 936 2503 idem
951 2477 983 2504 C.
997 2492 1031 2496 —
1047 2478 1067 2492 ¹⁰
1080 2476 1262 2512 Augustinus
1275 2477 1356 2511 dicit]
1371 2476 1442 2503 dicit
1455 2476 1638 2511 Augustinus
1652 2475 1684 2503 C.
1700 2491 1733 2495 —
1750 2477 1768 2491 ¹¹
1783 2483 1838 2501 om.
1852 2475 1892 2508 S;
1909 2475 1978 2500 add.
1998 2480 2033 2500 2⁶1
2054 2483 2092 2500 m.
2105 2473 2135 2500 S.

656 2535 690 2539 --
711 2520 732 2535 ¹²
751 2519 835 2555 primi
855 2520 924 2547 add.
945 2520 977 2547 C.
998 2536 1031 2540 —
1049 2521 1068 2536 ¹³
1087 2529 1142 2546 om.
1162 2526 1195 2546 ι(ι
1214 2529 1251 2546 m.
1265 2520 1304 2554 S;
1323 2521 1392 2546 add.
1412 2527 1447 2546 211
1467 2529 1505 2546 m.
1525 2519 1554 2546 S.
1575 2535 1608 2539 —
1630 2521 1650 2535 ¹⁶
1668 2523 1700 2546 et
1717 2519 1785 2553 hoc]
1805 2527 1860 2545 om.
1881 2518 1916 2545 C.
1935 2533 1968 2537 -
1991 2518 2012 2533 ¹⁵
2029 2525 2137 2553 magna

655 2563 703 2590 vel
722 2564 791 2590 add.
812 2563 844 2590 C.
865 2579 898 2583 ·—
921 2564 942 2579 ¹⁰
955 2563 1049 2590 tendit
1068 2564 1115 2590 vel
1134 2564 1203 2590 add.
1217 2563 1250 2591 C.

747 2662 785 2693 (1)
808 2660 866 2687 Cfr.
885 2669 914 2696 p.
933 2662 994 2694 243,
1014 2669 1040 2687 n.
1062 2663 1110 2694 (2).
1125 2676 1158 2680 —
1178 2662 1217 2694 (2)
1239 2660 1299 2688 Cfr.
1318 2661 1399 2693 ibid„
1418 2669 1445 2687 n.
1466 2662 1515 2693 (1).
1537 2676 1568 2679 ——
1588 2661 1627 2693 (3)
1649 2659 1709 2686 Cfr.
1729 2668 1758 2694 p.
1769 2661 1830 2692 244,
1849 2668 1876 2685 n.
1895 2660 1944 2692 (1).
1959 2674 1992 2678 —
2013 2659 2053 2691 (4)
2075 2657 2135 2684 Cfr.

656 2713 683 2739 p.
703 2705 764 2737 246,
783 2713 812 2730 n.
833 2706 871 2737 (l)
892 2713 956 2739 sqq.
1724 2717 1728 2721 ·
