2493 3458
759 449 932 477 TERTIUM
963 449 1259 484 QUODLIBETUM,
1289 449 1324 483 o.
1353 449 1377 475 v
1744 451 1789 474 201

413 540 515 573 Unde
543 551 621 572 cum
651 541 743 571 nulla
771 539 956 571 auctoritas
982 550 1083 580 quam
1113 539 1254 571 viderim
1284 539 1336 570 vel
1365 539 1531 570 audierim
1560 539 1602 570 sit
1631 549 1794 580 expressa

326 609 393 640 qua
423 598 555 630 dicatur
580 598 673 639 quod
699 608 825 639 corpus
856 597 983 629 Christi
1015 603 1226 629 reservatum
1260 597 1322 628 fuit
1353 608 1372 628 a
1409 597 1629 638 corruptione
1658 607 1794 638 separa-

325 656 455 688 tionem
491 655 626 687 animae
655 666 674 686 a
706 666 853 697 corpore
880 654 1087 686 necessitate
1120 660 1262 686 naturae
1303 654 1568 693 concomitante,
1606 654 1670 685 nisi
1707 666 1794 695 quae

326 719 377 745 est
401 724 463 755 per
482 713 771 755 putrefactionem
789 713 842 744 vel
860 712 1155 750 incinerationem,
1174 712 1249 744 sine
1275 711 1406 743 ratione
1433 717 1465 743 et
1491 712 1565 743 sine
1591 712 1794 744 auctoritate

326 770 392 802 dici
420 771 555 802 videtur
583 771 677 811 quod
702 781 829 812 corpus
855 770 981 802 Christi
1010 776 1181 801 mortuum
1210 780 1281 801 non
1308 769 1370 801 fuit
1395 769 1484 801 idem
1515 769 1548 801 in
1574 770 1691 811 specie
1717 781 1793 801 cum

325 839 470 870 corpore
504 829 593 860 Petri
625 835 771 867 mortuo,
798 839 839 859 eo
865 829 957 869 quod
994 827 1027 859 in
1054 838 1198 869 corpore
1225 826 1350 859 Christi
1387 827 1512 858 mansit
1548 827 1657 858 forma
1683 827 1795 868 aliqua

325 897 414 928 quae
439 886 532 928 prius
558 892 639 925 erat,
665 897 735 917 non
768 887 818 918 sic
843 892 957 917 autem
983 885 1015 917 in
1042 896 1188 927 corpore
1218 885 1328 924 Petri3
1367 891 1402 916 ut
1434 885 1483 916 sic
1508 885 1541 916 in
1576 885 1795 927 separatione

325 944 459 976 animae
484 955 503 975 a
532 954 678 986 corpore
704 943 793 975 Petri
826 943 926 975 fuerit
951 943 1071 985 triplex
1100 943 1285 984 corruptio,
1316 943 1405 974 duae
1431 943 1529 974 simul
1556 948 1588 974 et
1613 943 1645 974 in
1672 943 1794 974 eodem

325 1001 464 1033 instanti
490 1002 683 1043 completae
710 1007 742 1033 et
774 1001 932 1042 tertia[m]
960 1001 1099 1038 initiata,
1132 1000 1292 1032 videlicet
1322 1000 1430 1042 ipsius
1463 1000 1597 1032 animae
1623 1001 1795 1042 separatio

325 1066 357 1091 et
383 1060 512 1091 formae
537 1059 701 1091 naturalis
735 1059 767 1090 in
801 1070 947 1100 corpore
984 1070 1060 1090 cmn
1099 1058 1212 1089 anima
1249 1058 1510 1100 praeexistentis
1545 1058 1730 1100 corruptio,
1764 1065 1796 1090 et

325 1116 530 1159 putrefactio
555 1117 627 1149 sive
649 1116 909 1159 putrefactionis
934 1116 1121 1154 inchoatio,
1140 1122 1173 1147 et
1198 1116 1247 1147 sic
1273 1126 1400 1157 corpus
1426 1116 1538 1147 vivum
1566 1122 1597 1147 et
1623 1122 1794 1147 mortuum

324 1186 395 1206 non
428 1175 539 1206 solum
565 1186 636 1206 non
670 1180 761 1206 esset
798 1174 929 1206 1111um¹
962 1175 1014 1205 vel
1040 1173 1248 1211 huiusmodi,
1275 1174 1337 1205 sed
1366 1184 1430 1205 nec
1465 1184 1592 1215 corpus
1626 1174 1794 1208 univoce:

324 1232 358 1264 in
396 1232 614 1274 separatione
651 1238 762 1264 autem
800 1232 935 1264 animae
972 1231 1098 1264 Christi
1135 1241 1203 1262 non
1243 1231 1303 1263 fuit
1340 1231 1404 1263 nisi
1440 1242 1507 1262 una
1543 1232 1627 1269 sola,
1665 1231 1795 1263 scilicet

324 1290 399 1332 ipsa
424 1290 597 1332 separatio
623 1289 758 1322 animae
784 1296 816 1322 et
841 1295 964 1322 cetera.

413 1347 493 1380 Sive
530 1359 613 1391 ergo
649 1348 691 1379 sit
727 1348 759 1379 in
794 1348 934 1380 homine
971 1359 1040 1379 una
1077 1348 1185 1378 forma
1220 1353 1350 1378 tantum
1391 1347 1463 1378 sive
1501 1347 1625 1388 plures,
1663 1347 1796 1379 videtur

324 1416 401 1438 esse
426 1406 614 1437 tenendum
641 1406 733 1447 quod
760 1417 886 1447 corpus
913 1405 1039 1437 Christi
1065 1411 1234 1436 mortuum
1268 1410 1300 1436 et
1333 1415 1460 1446 corpus
1499 1405 1587 1436 Petri
1625 1411 1794 1436 mortuum

324 1463 449 1495 fuerint
479 1474 607 1505 corpus
648 1463 805 1495 univoce.
844 1463 879 1495 Si
913 1463 1003 1495 enim
1040 1463 1082 1494 sit
1124 1474 1190 1494 una
1232 1463 1341 1493 forma
1378 1462 1612 1494 substantialis
1653 1469 1794 1498 tantum,

323 1521 373 1553 sic
409 1521 442 1553 in
480 1521 553 1553 eius
590 1521 809 1563 separatione
845 1521 1044 1553 necessario
1082 1521 1309 1552 introducitur
1345 1520 1410 1552 alia
1445 1521 1478 1552 in
1515 1520 1656 1552 materia
1693 1532 1793 1562 quam

324 1578 541 1617 informabat,
568 1584 600 1610 et
642 1579 708 1611 hoc
749 1578 987 1611 universaliter
1023 1585 1089 1610 tam
1131 1578 1163 1610 in
1206 1578 1343 1610 Christo
1382 1589 1485 1619 quam
1519 1578 1551 1610 in
1585 1578 1668 1609 aliis.
1707 1579 1794 1610 Cum

324 1636 415 1668 enim
457 1638 460 1677 Ι
505 1637 681 1678 corruptio
727 1636 828 1668 unius
869 1636 911 1668 sit
951 1637 1130 1679 generatio
1177 1636 1315 1667 alterius
1363 1636 1553 1667 differentis
1601 1637 1794 1668 secundum

323 1694 475 1736 speciem
502 1697 584 1734 (non
617 1700 668 1726 est
694 1694 784 1726 enim
810 1694 951 1726 materia
977 1694 1128 1726 existens
1158 1695 1222 1725 sub
1255 1705 1322 1725 una
1353 1694 1463 1725 forma
1488 1693 1521 1725 in
1552 1694 1705 1735 potentia
1731 1694 1795 1725 nisi

323 1752 367 1783 ad
392 1752 599 1784 contrarium
634 1753 826 1784 secundum
857 1752 1009 1794 speciem
1043 1752 1141 1783 cuius
1174 1752 1279 1783 habet
1313 1751 1563 1793 privationem),
1591 1762 1667 1783 cum
1694 1752 1795 1783 etiam

323 1810 516 1842 secundum
557 1810 822 1851 dispositionem
863 1810 1024 1841 materiae
1065 1820 1153 1851 quae
1194 1815 1246 1841 est
1280 1809 1471 1841 necessitas
1507 1810 1616 1841 forma
1652 1821 1795 1851 propor-

322 1867 460 1899 tionalis
507 1867 754 1906 introducatur,
803 1867 1051 1909 dispositiones
1099 1874 1211 1899 autem
1260 1867 1386 1908 quibus
1434 1867 1630 1909 disponitur
1669 1878 1795 1909 corpus

323 1925 471 1957 hominis
497 1926 540 1956 ad
565 1925 700 1957 animae
723 1925 979 1967 separationem
1005 1931 1145 1967 propter
1170 1925 1435 1968 repugnantiam
1462 1931 1494 1957 et
1519 1925 1794 1957 contrarietatem

323 1994 426 2024 quam
466 1984 596 2015 habent
635 1983 679 2015 ad
719 1983 828 2025 ipsam
859 1983 943 2015 sive
968 1984 1011 2015 ad
1037 1983 1286 2025 dispositiones
1320 1994 1405 2024 quas
1443 1983 1582 2023 requirit
1619 1983 1732 2014 anima
1762 1983 1795 2014 in

323 2041 464 2073 materia
503 2046 583 2072 sunt
616 2041 717 2073 etiam
758 2041 940 2083 dispositio
982 2052 1071 2082 quae
1112 2047 1164 2073 est
1203 2041 1395 2072 necessitas
1436 2041 1478 2072 ad
1516 2040 1612 2072 aliam
1651 2041 1796 2072 formam

323 2099 517 2130 secundum
542 2098 705 2141 speciem,
732 2119 771 2122 —
798 2099 879 2131 hinc
904 2105 955 2130 est
981 2099 1075 2140 quod
1112 2110 1188 2130 curn
1216 2110 1277 2140 per
1302 2098 1430 2130 similes
1465 2098 1713 2139 dispositiones
1738 2099 1797 2130 fiat

323 2156 464 2188 materia
511 2156 828 2198 improportionalis
869 2156 1004 2188 animae
1052 2156 1084 2187 in
1127 2167 1196 2187 uno
1249 2156 1388 2187 homine
1430 2162 1462 2187 et
1513 2156 1545 2187 in
1597 2156 1675 2195 alio,
1716 2156 1796 2197 quia

323 2214 497 2257 quaelibet
527 2215 637 2245 forma
662 2214 816 2245 eiusdem
842 2214 983 2245 rationis
1010 2220 1042 2245 et
1067 2214 1195 2256 speciei
1222 2214 1253 2245 in
1289 2214 1450 2245 omnibus
1476 2214 1508 2245 in
1542 2214 1666 2255 quibus
1692 2215 1796 2245 hahet

323 2283 411 2311 esse,
438 2271 685 2314 dispositiones
711 2271 866 2303 eiusdem
892 2272 1022 2313 speciei
1048 2278 1080 2303 et
1105 2271 1246 2303 rationis
1272 2271 1337 2303 sibi
1363 2271 1642 2313 proportionatas
1668 2271 1795 2313 ubique

322 2329 470 2371 requirit,
497 2330 634 2361 —ideo
660 2329 761 2361 etiam
788 2330 918 2361 formae
945 2330 987 2360 ad
1013 2340 1099 2370 quas
1125 2329 1315 2371 disponunt
1332 2329 1529 2360 huiusmodi
1549 2329 1795 2370 dispositiones

323 2388 366 2419 ad
403 2387 656 2429 separationem
686 2387 820 2419 animae
846 2387 1044 2419 necessario
1076 2387 1302 2428 disponentes
1339 2393 1418 2418 sunt
1459 2387 1612 2418 eiusdem
1655 2387 1795 2418 rationis

323 2450 356 2477 et
380 2445 520 2487 speciei,
547 2445 635 2476 sicut
661 2450 693 2477 et
719 2445 854 2477 animae
884 2457 972 2486 quae
999 2450 1139 2486 propter
1167 2444 1364 2476 huiusmodi
1401 2444 1650 2486 dispositiones
1676 2455 1795 2477 neces-

322 2502 413 2536 sario
447 2509 660 2545 separantur.
695 2504 765 2536 Sed
802 2504 866 2535 hac
904 2504 1012 2535 forma
1049 2502 1205 2534 eiusdem
1242 2502 1373 2544 speciei
1407 2502 1440 2534 in
1482 2502 1627 2534 diversis
1654 2502 1795 2534 mortuis

322 2560 528 2599 introducta,
554 2560 588 2592 in
621 2571 691 2592 uno
717 2566 831 2602 potest
856 2560 977 2592 virtute
1002 2560 1119 2592 divina
1144 2560 1350 2592 miraculose
1384 2559 1583 2592 conservari
1615 2571 1658 2592 ne
1694 2561 1795 2593 etiam

414 2743 419 2757 ¹
435 2742 531 2770 vivum
553 2743 586 2769 V.

1851 1615 1915 1641 cod.
1932 1615 1956 1640 V

1818 1650 1866 1676 fol.
1881 1652 1932 1676 277
1948 1650 1988 1676 Vd
