2493 3458
679 410 712 432 40
1042 406 1229 432 MAGISTRI
1260 405 1476 431 (JODEFRIDI
1508 405 1557 431 DE
1587 404 1782 431 FONTIBUS

678 502 813 535 octavo,
844 495 930 527 intra
955 495 1145 527 Ecclesiam
1181 500 1371 537 potestates
1400 494 1618 526 necessariae
1644 505 1712 525 non
1744 499 1860 526 essent
1889 493 1953 525 nisi
1983 500 2019 526 ut
2051 493 2144 535 quod

679 565 748 585 non
783 553 957 595 praevalet
988 553 1153 584 sacerdos
1186 553 1321 584 ellicere
1358 562 1419 593 per
1443 552 1621 583 doctrinae
1651 562 1856 589 sermonem,
1891 558 2045 593 potestas
2077 552 2145 583 hoc

679 611 818 653 impleat
850 622 910 653 per
941 610 1145 652 disciplinae
1177 616 1350 641 terrorem.
1385 609 1472 641 Cum
1506 619 1589 650 ergo
1623 608 1779 640 Ecclesia
1815 619 1885 640 non
1922 610 2048 641 habeat
2080 608 2144 640 nisi

679 669 794 701 claves
826 668 950 710 quibus
980 673 1093 709 potest
1121 667 1279 698 subditos
1305 666 1426 708 punire
1451 666 1679 708 spiritualiter,
1710 666 1804 707 ipsos
1833 677 1851 697 a
1881 665 2145 708 participatione

678 731 971 758 sacramentorum
990 731 1022 757 et
1040 724 1236 756 huiusmodi
1259 725 1428 755 bonorum
1449 723 1626 756 Ecclesiae
1645 724 1874 762 excludendo,
1893 729 1925 755 et
1948 723 2145 755 huiusmodi

679 783 812 826 punitio
845 783 1030 824 aliquando
1064 794 1132 814 non
1167 782 1290 814 sufficit
1323 788 1390 813 tam
1423 782 1466 812 ad
1503 781 1678 813 utilitatem
1712 780 1878 822 puniendi
1908 792 2009 822 quarn
2044 780 2144 812 etiam

680 840 943 879 communitatis,
983 840 1015 871 in
1057 841 1125 872 hoc
1164 840 1268 871 debet
1308 839 1494 870 saecularis
1536 844 1690 880 potestas
1733 838 1909 870 Ecclesiae
1951 837 2145 870 subvenire.

821 898 827 915 ¹
854 904 886 929 et
911 903 1034 929 cetera.

681 899 798 940 Quare

769 956 804 987 In
830 955 1036 987 contrarium
1063 954 1197 986 videtur
1222 965 1299 985 esse
1324 953 1517 986 eommunis
1542 953 1762 985 consuetudo
1782 953 1801 984 ².

770 1013 980 1054 Respondeo
1012 1011 1196 1043 dicendum
1227 1011 1332 1052 quod,
1363 1011 1444 1052 quia
1477 1011 1668 1042 secundum
1703 1010 1909 1051 Apostolum
1928 1012 1974 1047 (l)
2007 1020 2096 1051 quae
2129 1020 2148 1040 a

681 1071 756 1103 Deo
789 1077 867 1102 sunt
896 1070 1051 1101 ordinata
1086 1075 1176 1107 sunt,
1208 1075 1240 1100 et
1275 1068 1387 1100 omnis
1418 1074 1571 1110 potestas
1596 1079 1615 1099 a
1641 1068 1717 1099 Deo
1746 1073 1807 1106 est,
1837 1073 1870 1099 et
1899 1067 1955 1108 qui
1986 1066 2148 1108 potestati

680 1128 804 1160 resistit
829 1127 1037 1159 ordinationi
1063 1126 1126 1158 Dei
1156 1126 1290 1158 resistit.
1318 1126 1393 1158 Una
1423 1132 1535 1157 autem
1566 1136 1635 1156 non
1666 1131 1756 1156 esset
1783 1124 1939 1156 Ecclesia
1968 1124 2031 1156 nisi
2057 1130 2149 1156 esset

680 1186 837 1217 ordinata
872 1185 916 1216 ita
946 1184 1039 1226 quod
1069 1184 1101 1215 in
1127 1195 1167 1215 ea
1197 1190 1288 1215 esset
1317 1194 1385 1214 una
1424 1189 1579 1224 potestas
1618 1193 1779 1224 suprema
1819 1183 1883 1213 sub
1923 1192 1991 1223 qua
2027 1192 2149 1213 ornnes

681 1243 767 1275 aliae
814 1248 930 1274 essent
970 1242 1040 1273 suis
1086 1241 1253 1283 gradibus
1289 1241 1478 1272 ordinatae.
1525 1240 1621 1272 Haec
1662 1246 1775 1271 autem
1820 1246 1871 1271 est
1911 1239 2149 1271 ecclesiastica

681 1307 835 1342 potestas
868 1300 900 1331 in
930 1310 997 1341 qua
1030 1306 1080 1330 est
1119 1310 1222 1330 unum
1260 1309 1430 1329 summum
1467 1304 1571 1339 caput
1604 1297 1846 1337 (nonagesima
1883 1304 1978 1328 sexta
2012 1296 2150 1328 distinc-

680 1358 784 1396 tione,
804 1359 895 1397 Duo)
910 1360 966 1394 (2),
992 1357 1072 1388 Ideo
1091 1356 1252 1388 omnibus
1275 1356 1348 1387 aliis
1367 1355 1595 1397 potestatibus
1617 1363 1780 1396 tanquam
1800 1354 2018 1386 inferioribus
2037 1360 2151 1396 potest

680 1415 880 1458 praecipere
905 1421 938 1447 et
963 1415 1049 1446 aliae
1073 1420 1234 1445 tenentur
1258 1413 1287 1445 ei
1317 1413 1493 1445 oboedire.
1521 1412 1619 1444 Aliae
1654 1419 1779 1451 autem,
1806 1422 1883 1444 cum
1910 1411 2067 1454 indigent
2096 1411 2151 1443 illa

680 1479 862 1515 potestate,
892 1483 961 1504 non
990 1473 1119 1503 habent
1149 1471 1178 1503 ei
1209 1471 1376 1513 imperare
1406 1471 1466 1502 sed
1497 1470 1693 1512 supplicare
1725 1470 1853 1502 ‹lebent
1874 1469 1894 1507 ³,
1923 1480 2007 1510 ergo
2033 1475 2151 1501 mutuo

680 1541 718 1562 se
747 1531 862 1562 iuvare
895 1529 1136 1572 (nonagesima
1168 1534 1264 1560 sexta
1297 1528 1530 1566 distinctione,
1556 1529 1643 1559 Cum
1664 1528 1674 1544 ⁴
1699 1528 1743 1559 ad
1776 1527 1898 1562 virum)
1917 1528 1973 1567 (3).
2007 1526 2047 1558 Et
2072 1526 2151 1559 ideo

681 1588 866 1620 dicendum
893 1588 986 1629 quod
1013 1587 1115 1618 iudex
1141 1586 1326 1618 saecularis
1359 1592 1495 1618 tenetur
1523 1591 1556 1617 et
1584 1592 1708 1623 cetera,
1729 1591 1761 1616 et
1790 1596 1850 1626 per
1880 1584 2150 1617 ecclesiasticam

682 1651 886 1688 potestatem
913 1651 1028 1687 potest
1053 1645 1096 1676 ad
1123 1645 1190 1676 hoc
1222 1643 1383 1685 compelli
1413 1642 1622 1685 (vigesimffl
1650 1642 1757 1681 tertia,
1787 1642 1991 1683 quaestione
2020 1641 2150 1683 quinta,

683 1703 859 1745 Principes
885 1709 918 1735 et
942 1702 1093 1744 capitulo
1120 1701 1426 1733 Administratores
1451 1707 1484 1732 et
1511 1700 1611 1732 Extra
1637 1701 1680 1732 de
1709 1699 1824 1732 officio
1855 1699 2028 1738 ordinarii,
2061 1699 2151 1741 capi-

683 1762 753 1792 tulo
776 1760 898 1802 primo)
917 1762 973 1799 (4).

1226 1949 1466 1991 QUAESTIO
1492 1949 1609 1981 XVIII.

691 2060 831 2097 Utrum
854 2058 1117 2107 exceptionem
1139 2061 1262 2106 super
1282 2057 1431 2093 maiore
1451 2056 1862 2093 excommunicatione
1882 2070 1905 2092 α
1929 2069 1992 2092 reo
2013 2058 2152 2092 contra

788 2128 960 2162 actorem
975 2124 1224 2174 propositam
1246 2124 1454 2160 admittere
1473 2126 1656 2160 teneatur
1676 2123 1795 2159 iudex
1813 2122 2048 2159 saecularis.

772 2277 898 2308 Postea
915 2275 1071 2307 secundo
1089 2275 1318 2316 quaerebatur
1335 2279 1446 2305 utrum
1472 2273 1713 2315 exceptionem
1739 2283 1845 2315 super
1868 2273 1998 2305 maiore
2016 2282 2154 2305 excom-

685 2333 920 2366 municatione
949 2344 968 2364 a
996 2343 1056 2364 reo
1084 2338 1206 2364 contra
1234 2337 1385 2363 actorem
1415 2331 1629 2373 propositam
1657 2331 1839 2363 admittere
1867 2335 2025 2362 teneatur
2049 2329 2153 2362 iudex

686 2391 884 2424 saecularis
903 2390 945 2422 Et
962 2390 1174 2432 arguebatur
1190 2389 1284 2431 quod
1302 2389 1406 2421 iudex
1423 2388 1610 2420 saecularis
1628 2388 1868 2430 exceptionem
1892 2398 1998 2430 super
2019 2397 2154 2420 excom-

777 2520 783 2533 ¹
797 2527 868 2553 ergo
880 2518 910 2543 P.
925 2532 957 2535 —-
971 2517 981 2531 ²
995 2521 1023 2542 et
1037 2521 1134 2542 cetera
1148 2516 1216 2541 add.
1224 2516 1256 2542 V.
1272 2531 1303 2534 —
1318 2516 1328 2530 ³
1342 2515 1431 2541 illa—
1441 2515 1558 2548 debent]
1573 2524 1627 2541 om.
1637 2515 1667 2541 P.
1684 2531 1715 2534 -
1730 2516 1739 2530 ⁴
1753 2523 1807 2540 om.
1822 2514 1852 2540 P.
1864 2530 1896 2533 —
1909 2515 1919 2529 ⁵
1929 2513 2078 2548 trigesima
2091 2513 2154 2540 PV.

776 2609 813 2639 (l)
839 2607 929 2638 Rom„
943 2615 966 2632 c.
982 2605 1060 2636 XIII,
1078 2607 1088 2630 1
1105 2609 1133 2630 et
1147 2606 1171 2630 2.
1194 2615 1205 2629 α
1221 2604 1286 2629 Non
1307 2609 1351 2630 est
1370 2603 1446 2629 enim
1467 2608 1598 2638 potestas
1618 2603 1672 2629 nisi
1693 2611 1710 2629 a
1730 2603 1813 2629 Deo:
1834 2611 1909 2638 quae
1929 2607 2024 2628 autem
2044 2606 2119 2633 sunt,
2139 2609 2156 2628 a

688 2652 750 2677 Deo
770 2650 902 2677 ordinata
925 2654 999 2676 sunt.
1020 2649 1121 2682 ltaque
1142 2648 1189 2682 qui
1209 2647 1317 2674 resistit
1337 2647 1485 2682 potestati,
1511 2647 1566 2673 Dei
1589 2646 1765 2673 ordinationi
1787 2646 1931 2672 resistit».
1951 2661 1984 2665 —-
2013 2647 2050 2680 (2)
2071 2653 2095 2671 c.
2115 2647 2155 2672 10.

688 2696 721 2722 D.
732 2695 834 2721 XCVI.
850 2709 881 2713 -—
897 2694 933 2726 (3)
949 2701 972 2719 c.
987 2694 1011 2718 6.
1025 2692 1090 2718 ead.
1105 2706 1136 2710 -
1151 2693 1186 2724 ’,4)
1202 2693 1323 2718 c.·20.·26.
1338 2690 1370 2717 C.
1381 2690 1486 2716 XXIII.
1501 2692 1585 2725 qu.5;
1599 2699 1623 2716 c.
1634 2689 1840 2716 Perniciosam.
1855 2689 1889 2716 X.
1901 2689 1938 2716 de
1949 2689 1997 2715 off.
2008 2688 2067 2716 iud.
2081 2689 2102 2715 1.
2112 2689 2155 2715 31.
