2493 3458
787 450 935 476 PRIMUM
966 450 1261 484 QUODLIBETLm,
1291 451 1325 485 Q.
1356 451 1379 475 V
1784 452 1813 475 15

350 546 585 581 cofinoscunt:
604 540 752 571 viatores
771 539 870 570 etiam
894 540 1005 570 Deum
1023 545 1279 581 cognoscentes
1293 539 1301 555 ¹

1322 539 1352 570 in
1373 539 1577 581 aenigmate,
1596 539 1706 580 ipsum
1726 540 1789 570 sub
1804 540 1814 555 ²

350 598 547 629 huiusmodi
573 597 771 631 rationibus,
799 597 876 628 licet
902 597 1013 627 minus
1039 597 1198 627 distincte
1225 602 1257 627 et
1274 596 1386 627 minus
1405 597 1566 637 perfecte,
1585 602 1813 637 cognoscunt.

440 656 629 692 Praeterea,
662 654 825 695 quicquid
852 661 902 685 est
928 654 960 685 in
988 655 1062 685 Deo
1090 660 1141 685 est
1166 654 1346 692 infinitum,
1376 659 1409 685 et
1442 660 1493 685 est
1518 665 1633 689 unum,
1660 653 1813 694 simplex,

350 719 382 744 et
406 713 539 744 realiter
567 712 800 743 indistinctum
821 711 839 742 ³³.
862 712 951 752 Ergo
972 713 1035 742 sul)
1054 712 1145 742 nulla
1164 711 1296 743 ratione
1315 717 1428 752 potest
1446 711 1513 742 dici
1531 712 1626 742 Deus
1645 711 1813 753 cognosci

350 781 438 811 quae
456 781 526 801 non
545 770 587 800 sit
612 769 752 805 infinita,
780 776 811 800 et
837 780 925 809 quae
951 780 1021 799 non
1047 769 1088 799 sit
1113 769 1247 800 realiter
1272 768 1305 799 id
1325 768 1335 784 ⁴
1360 768 1471 809 ipsum
1497 779 1573 799 cum
1596 778 1814 809 quacumque

350 828 424 863 alia,
454 827 532 858 licet
560 827 593 858 in
626 827 824 858 huiusmodi
859 826 1049 857 rationibus·
1082 826 1257 857 distinctio
1287 826 1400 867 aliqua
1429 831 1577 867 ponatur
1608 837 1669 867 per
1701 832 1812 856 actum

350 885 490 916 rationis
508 884 759 925 simplicitatem
780 884 842 914 Dei
869 884 911 914 ad
937 884 1084 924 aliquam
1111 883 1343 915 diversitatem
1362 883 1396 914 in
1421 883 1585 915 creaturis
1604 884 1814 915 conferentis

350 948 383 974 et
411 941 643 983 comparantis
663 941 682 972 ⁵.
714 942 754 972 Et
791 942 982 972 secundum
1011 943 1077 972 lioc
1106 941 1256 972 infinitas
1282 952 1324 972 eo
1353 942 1458 972 modo
1485 952 1552 981 quo
1578 941 1659 972 dicit
1687 941 1814 981 aliquid

350 1001 392 1031 ad
422 1000 669 1041 perfectionem
700 999 764 1030 Dei
798 999 982 1040 pertinens,
1017 1004 1049 1029 et
1078 998 1212 1030 realiter
1236 999 1327 1030 idem
1357 998 1507 1030 existens
1533 1009 1611 1029 cum
1637 998 1713 1039 ipso
1739 999 1815 1030 Deo

350 1063 382 1089 et
400 1068 477 1089 cum
496 1068 713 1098 quacumque
732 1056 794 1087 alia
821 1057 952 1087 ratione
971 1057 1003 1087 in
1031 1057 1116 1094 Deo,
1135 1056 1360 1099 cognoscitur
1385 1067 1404 1087 a
1429 1066 1648 1097 quocumque
1666 1056 1815 1087 divinam

350 1115 534 1147 essentiam
568 1120 817 1154 cognoscente.
852 1114 893 1145 Et
921 1114 947 1145 si
982 1120 1121 1155 propter
1152 1114 1219 1145 hoc
1252 1114 1422 1145 diceretur
1451 1113 1593 1145 scientia
1622 1124 1689 1154 qua
1721 1114 1816 1144 Deus

350 1173 574 1215 cognoscitur
602 1172 743 1210 infinita,
774 1183 843 1202 non
873 1177 992 1212 posset
1021 1171 1188 1213 cognosci
1218 1172 1313 1202 Deus
1346 1171 1539 1202 secundum
1569 1182 1667 1202 suam
1700 1182 1816 1202 essen-

350 1231 430 1262 tiam
449 1236 480 1262 et
498 1236 653 1261 naturam
680 1229 745 1260 nisi
770 1229 913 1261 scientia
932 1229 1073 1267 infinita,
1092 1229 1185 1270 quod
1212 1234 1262 1260 est
1287 1229 1432 1263 falsumz
1458 1228 1537 1269 quia
1563 1239 1640 1260 cum
1665 1228 1816 1259 infinitas

350 1288 383 1319 in
410 1288 559 1319 essentia
586 1287 699 1318 divina
724 1299 795 1318 non
817 1287 921 1318 addat
947 1287 1095 1327 aliquam
1120 1297 1201 1324 rem,
1228 1292 1393 1327 quantuni
1419 1285 1602 1328 cognoscit
1626 1285 1748 1326 aliquis
1775 1286 1816 1317 de

351 1347 437 1383 Deo,
464 1352 593 1376 tantum
620 1345 803 1387 cognoscit
833 1345 874 1375 de
900 1345 973 1376 eius
999 1344 1176 1375 infinitate.
1203 1344 1244 1375 Et
1275 1344 1365 1375 sicut
1389 1343 1512 1375 dicitur
1545 1344 1638 1384 quod
1668 1343 1817 1375 essentia

351 1403 476 1439 divina,
514 1414 601 1443 quae
635 1408 686 1434 est
726 1403 896 1443 quaedam
937 1402 1087 1433 intinitas
1128 1402 1200 1433 sive
1233 1402 1408 1443 quoddam
1450 1401 1596 1443 pelagus
1636 1401 1816 1439 infinitum,

351 1461 576 1503 cognoscitur
604 1461 668 1491 sul)
698 1460 811 1501 aliqua
840 1459 971 1491 ratione
1000 1459 1102 1496 finita,
1129 1459 1281 1491 similiter
1309 1459 1410 1491 etiam
1436 1465 1487 1491 est
1513 1459 1697 1490 dicendum
1724 1459 1817 1499 quod

350 1519 500 1550 infinitas
533 1518 648 1549 divina
680 1518 904 1560 cognoscitur
937 1519 1000 1548 sul)
1033 1517 1164 1549 ratione
1197 1517 1302 1548 finita.
1335 1517 1405 1549 Sed
1438 1527 1515 1548 cum
1548 1516 1633 1547 ratio
1663 1516 1757 1547 finita
1786 1522 1819 1548 et

351 1576 482 1607 infinita
515 1576 581 1607 sint
614 1575 816 1613 contrariae,
846 1576 1038 1607 secundum
1071 1576 1139 1606 hoc
1172 1580 1287 1616 potest
1315 1574 1398 1616 poni
1438 1575 1531 1615 quod
1562 1574 1657 1605 Deus
1686 1574 1721 1605 in
1753 1585 1816 1605 sua

352 1633 503 1665 essentia
537 1634 579 1665 de
610 1633 708 1664 cuius
742 1633 874 1664 ratione
915 1638 965 1664 est
999 1632 1148 1663 infinitas
1168 1632 1188 1671 ⁶,
1222 1632 1405 1664 aeternitas
1446 1637 1479 1663 et
1512 1637 1626 1663 cetera
1645 1631 1665 1669 ⁷,
1700 1637 1818 1673 aperte

352 1691 517 1729 videatur,
552 1697 585 1722 et
617 1690 768 1722 similiter
800 1690 874 1731 ipsa
907 1690 1056 1721 infinitas
1090 1696 1122 1721 et
1155 1690 1340 1721 aeternitas
1373 1689 1512 1727 divina3
1546 1694 1578 1720 et
1610 1695 1723 1721 tamen
1753 1690 1817 1720 sub

352 1749 485 1780 ratione
510 1748 605 1780 finita
630 1749 683 1780 vel
708 1748 860 1789 speciali,
887 1758 976 1789 quae
1002 1747 1139 1789 quidem
1168 1758 1233 1779 11011
1251 1747 1262 1763 Β
1286 1747 1329 1778 sit
1346 1747 1420 1778 eius
1445 1747 1637 1778 secundum
1664 1757 1701 1778 se
1726 1751 1759 1778 et
1776 1747 1819 1778 ad

352 1806 425 1838 eius
452 1806 699 1848 perfectionem
726 1805 925 1847 simpliciter
950 1805 1126 1846 pertinens
1146 1806 1156 1821 ⁹

1159 1831 1165 1843 ‚
1185 1805 1350 1840 videatur,
1377 1805 1456 1845 quia
1481 1805 1572 1835 nulla
1590 1804 1666 1835 talis
1691 1804 1724 1835 in
1744 1805 1819 1836 Deo

352 1874 429 1896 esse
454 1869 578 1905 potest.

441 1921 541 1953 Circa
565 1921 742 1963 praedicta
769 1921 868 1952 etiam
889 1926 941 1952 est
966 1920 1226 1961 intelligendum
1253 1920 1357 1961 quod,
1376 1920 1454 1951 licet
1480 1920 1671 1951 secundum
1695 1920 1820 1951 Dama-

351 1990 494 2011 scenum
513 1981 558 2017 (1)
591 1979 731 2010 nomine
765 1978 828 2010 Dei
858 1978 1067 2021 intelligatur
1096 1978 1230 2009 realiter
1258 1978 1433 2018 quoddam
1464 1978 1610 2020 pelagus
1639 1977 1818 2016 infinitum,

352 2048 393 2069 ex
428 2038 495 2068 hoc
524 2042 638 2068 tamen
672 2048 742 2068 non
776 2037 921 2067 habetur
954 2037 1046 2077 quod
1087 2036 1208 2067 eadem
1238 2035 1279 2066 sit
1319 2035 1404 2066 ratio
1437 2034 1572 2066 deitatis
1601 2035 1759 2066 absolute
1788 2040 1820 2066 et

352 2095 437 2126 ratio
470 2094 646 2125 infinitatis
679 2105 787 2131 suae3
825 2094 913 2125 sicut
946 2094 1046 2125 etiam
1081 2093 1137 2134 qui
1171 2093 1253 2125 dicit
1285 2093 1397 2124 Deum
1436 2092 1517 2124 dicit
1549 2092 1724 2133 quoddam
1757 2103 1819 2123 ens

351 2158 539 2190 aeternum,
558 2159 590 2184 et
615 2158 729 2183 tamen
755 2163 825 2183 non
851 2157 903 2183 est
928 2152 1048 2183 eadem
1068 2151 1153 2182 ratio
1172 2151 1196 2167 ¹⁰
1220 2150 1356 2182 deitatis
1382 2156 1414 2181 et
1439 2150 1659 2181 aeternitatis.
1683 2150 1724 2181 Et
1741 2149 1819 2181 ideo

351 2221 423 2241 non
441 2216 556 2251 potest
581 2209 743 2242 concludi
762 2210 855 2250 quod
881 2209 937 2250 qui
964 2209 1061 2250 ponit
1086 2209 1198 2240 Deum
1225 2219 1303 2239 esse
1329 2208 1522 2239 subiectum
1548 2207 1692 2239 alicuius
1710 2207 1820 2239 scien-

351 2267 418 2300 tiae
451 2269 515 2299 sub
547 2268 680 2299 ratione
713 2267 859 2305 deitatis,
893 2267 966 2298 sive
999 2268 1063 2298 sul)
1097 2266 1229 2298 ratione
1263 2266 1431 2305 absoluta,
1457 2270 1565 2307 ponat
1597 2265 1709 2306 ipsum
1742 2275 1819 2296 esse

352 2325 545 2357 subiectum
579 2326 643 2356 sub
676 2325 809 2356 ratione
842 2324 1039 2359 infinitatis:
1075 2325 1137 2355 sed
1171 2334 1287 2355 verum
1319 2329 1370 2354 est
1399 2323 1493 2364 quod
1525 2328 1558 2354 et
1586 2322 1671 2353 ratio
1696 2322 1760 2353 ista
1787 2327 1819 2353 et

352 2383 438 2414 aliae
456 2383 608 2414 rationes
626 2383 659 2413 in
678 2382 736 2413 tali
760 2382 918 2413 subiecto
937 2382 1073 2413 realiter
1090 2381 1322 2419 includuntur,
1341 2386 1373 2412 et
1399 2381 1441 2411 de
1466 2380 1542 2422 ipso
1560 2379 1819 2422 cognoscibiles

442 2534 449 2548 ²
463 2533 556 2559 Deum
577 2534 800 2567 cognoscentes]
816 2536 1030 2566 cognoscentes
1046 2532 1138 2557 Deum
1153 2531 1182 2556 P.
1198 2547 1229 2549 —
1241 2531 1251 2545 ‘·'
1265 2530 1327 2557 istis
1341 2531 1371 2556 P.
1387 2546 1418 2548 —
1430 2530 1440 2545 ³
1451 2530 1618 2556 distinctum
1630 2530 1659 2555 P.
1674 2545 1706 2548 —
1721 2531 1731 2544 ⁴
1742 2529 1778 2555 ad
1789 2529 1819 2555 P.

352 2592 384 2594 —
399 2577 409 2591 ⁵
422 2577 571 2611 operantis
585 2576 614 2601 P.
636 2592 667 2594 —
683 2576 692 2590 '³
706 2579 734 2602 et
754 2576 822 2602 add.
838 2576 867 2601 P.
884 2592 916 2593 j
936 2576 944 2590 ⁷
959 2584 1022 2601 cum
1042 2576 1070 2601 P.
1090 2591 1122 2593 —
1141 2575 1150 2589 Β
1163 2575 1237 2600 ratio
1257 2574 1313 2600 PV.
1330 2590 1362 2593 -
1383 2574 1393 2589 ⁹
1406 2574 1578 2608 pertinentis
1596 2573 1626 2599 P.
1641 2589 1665 2593 -
1696 2574 1715 2588 ¹⁰
1729 2573 1772 2599 bis
1786 2573 1819 2599 V.

441 2702 478 2731 (l)
507 2700 677 2726 Iohannis
702 2700 920 2725 Damasceni
946 2699 989 2724 De
1008 2699 1072 2733 fide
1094 2698 1263 2727 orthodoxa,
1283 2698 1299 2723 l.
1320 2698 1341 2729 I,
1362 2706 1384 2723 c.
1400 2699 1416 2723 9
1438 2697 1478 2729 (P.
1500 2697 1544 2729 G„
1564 2697 1621 2723 vol.
1641 2698 1683 2729 94,
1703 2706 1730 2732 p.
1747 2698 1819 2725 836).

349 2740 431 2768 ξΟλον
449 2743 499 2777 γὰρ
518 2742 543 2768 ἐν
562 2742 646 2776 ἑαυτῷ
665 2739 801 2768 συλλαὸὼν
821 2740 876 2776 ’ἔχει
895 2742 924 2767 τὸ
944 2741 1014 2769 εἶναι.
1037 2740 1090 2766 οἷόν
1110 2751 1134 2766 τι
1152 2739 1270 2775 πέλαγος
1289 2739 1377 2769 οὐσίας
1396 2738 1502 2773 ἄπειρον
1521 2740 1564 2765 καὶ
1583 2738 1712 2773 ἀόριστον.
