2493 3458
732 446 904 474 TERTIUM
935 445 1231 481 Quonmssss'rcm,
1261 447 1295 481 Q.
1326 447 1348 473 x*
1730 449 1776 473 107

308 538 544 573 ostendamus,
585 542 643 568 aut
675 537 766 568 nulla
800 536 1014 568 dubitatione
1055 537 1236 568 credamus
1277 547 1354 568 esse
1395 537 1637 570 falsissimum:
1675 542 1777 578 atque

308 596 354 627 ita
378 600 559 626 teneamus
584 594 809 626 mediatorem
836 600 1001 630 nostrum,
1028 594 1060 624 in
1087 605 1156 635 quo
1182 601 1261 625 sunt
1279 605 1400 626 omnes
1418 595 1569 626 thesauri
1588 595 1777 636 sapientiae

309 658 341 684 et
377 651 542 684 scientiae
577 651 781 689 absconditi,
819 657 854 682 ut
889 662 1002 692 neque
1039 652 1282 693 philoso1‘miae
1308 652 1414 683 falsae
1439 652 1647 693 loquacitate
1678 646 1777 683 sedu-

309 721 436 749 camur,
461 720 575 750 neque
601 710 707 740 falsae
733 709 909 749 religionis
934 709 1178 750 superstitione
1205 716 1401 740 terreamur.

354 767 445 808 Quia
470 767 571 810 igitur
607 767 763 808 quaestio
789 768 831 797 <le
869 767 999 797 unitate
1036 768 1167 798 formae
1204 767 1438 798 substantialis
1476 768 1506 798 in
1545 778 1776 808 quocumque,

309 836 397 867 quae
423 825 662 867 philosophica
697 830 758 861 est,
784 824 958 855 reducitur
983 825 1025 855 ad
1053 825 1153 855 tidem
1180 835 1220 856 ex
1246 825 1319 855 eius
1345 825 1476 856 artione
1514 826 1555 856 ml
1591 826 1776 863 hrnninem,

307 888 340 915 et
364 882 558 924 specialiter
582 883 625 913 ad
662 882 846 917 Christum,
873 888 905 913 et
942 882 1075 913 videtur
1109 882 1279 923 aliquibus
1312 883 1405 923 quod
1439 884 1662 924 repugnapijt
1700 883 1777 914 lidci

308 951 438 982 ponere
478 945 609 972 tantum
651 950 752 971 unam
794 940 939 970 formam
979 940 1239 971 substantialem
1282 940 1314 971 in
1356 940 1506 978 Christo,
1547 940 1619 971 aliis
1663 946 1776 971 autem

308 998 443 1030 videtur
460 997 679 1035 contrarium,
705 1003 737 1028 et
763 997 920 1038 quaestio
946 997 1125 1038 propsssita
1150 999 1193 1028 ab
1219 997 1274 1028 illa
1303 998 1488 1039 dependet,
1516 1018 1554 1020 κν
1582 998 1660 1029 ideo
1687 997 1778 1029 circa

308 1056 363 1087 illa
395 1056 477 1087 nihil
514 1055 582 1087 dixi
623 1055 823 1086 definiendo
860 1055 913 1086 vel
954 1055 1227 1093 determinando,
1254 1055 1333 1096 quia
1369 1066 1435 1087 nec
1472 1056 1603 1087 asserui
1629 1055 1777 1096 aliquam

307 1119 437 1155 partem
463 1113 689 1145 determinate
715 1123 792 1144 esse
821 1112 941 1143 falsam
972 1113 1024 1143 vel
1054 1113 1300 1154 impossibilem
1321 1119 1353 1144 et
1378 1113 1451 1145 eius
1478 1113 1672 1155 oppositam
1700 1124 1778 1144 esse

307 1182 421 1203 veram
456 1171 508 1202 vel
541 1170 784 1202 necessariam.
811 1171 880 1201 Sed
906 1170 974 1201 dixi
1000 1171 1240 1201 tantummodo
1271 1171 1364 1211 quod
1389 1171 1516 1212 positio
1553 1182 1621 1212 qua
1656 1171 1779 1202 dicitur

307 1229 401 1270 quod
441 1228 475 1260 in
511 1228 660 1267 homine,
697 1228 785 1259 sicut
821 1227 922 1259 etiam
959 1227 991 1259 in
1033 1238 1247 1269 unoquoque
1285 1228 1350 1259 alio
1388 1234 1466 1260 ente
1506 1229 1700 1270 composito
1737 1240 1778 1261 ex

307 1286 447 1318 materia
473 1292 505 1318 et
522 1286 631 1317 forma
657 1286 882 1317 substantiali
896 1286 912 1324 ¹,
939 1291 990 1317 est
1008 1291 1138 1317 tantum
1173 1297 1241 1317 una
1270 1286 1379 1317 forma
1397 1286 1642 1321 substantialis,
1664 1293 1779 1328 potest

307 1350 470 1385 tanquam
508 1343 694 1386 probabilis
731 1343 901 1381 sustineri,
940 1348 971 1375 et
1007 1343 1158 1375 rationes
1196 1343 1229 1374 in
1266 1343 1465 1385 oppositum
1500 1344 1600 1375 etiam
1632 1350 1779 1386 possunt

307 1401 530 1444 probabiliter
547 1401 698 1439 dissolvi,
725 1407 757 1433 et
775 1402 942 1442 quasdam
968 1401 1099 1432 illarum
1118 1413 1178 1443 per
1196 1402 1337 1433 modum
1355 1402 1543 1443 probabilis
1562 1402 1703 1433 dissolvi
1722 1405 1778 1443 (1),

306 1460 456 1491 dicendo
493 1460 536 1490 ad
572 1460 671 1490 talem
706 1459 895 1490 rationem:
933 1458 1068 1490 videtur
1103 1470 1208 1501 fosse
1244 1459 1311 1491 dici
1348 1460 1442 1501 quod
1478 1460 1546 1491 hoc
1581 1460 1674 1498 nihil,
1711 1461 1779 1491 hoc

305 1517 420 1559 posito
457 1517 709 1548 inconveniens
746 1527 816 1548 non
850 1523 1063 1558 sequeretur,
1100 1523 1132 1548 et
1165 1517 1373 1549 huiusmodi.
1399 1517 1440 1548 Et
1473 1517 1552 1558 quia
1578 1517 1779 1559 potissimae

306 1581 339 1607 et
363 1574 624 1612 efficacissimae
650 1574 801 1607 rationes
828 1575 953 1616 quibus
979 1575 1021 1606 ab
1047 1574 1217 1615 aliquibus
1254 1575 1394 1616 ponitur
1418 1580 1550 1606 tantum
1575 1586 1644 1606 una
1669 1576 1779 1607 forma

306 1632 340 1664 in
381 1632 463 1675 igne
504 1632 556 1664 vel
595 1632 629 1663 in
669 1632 784 1674 lapide
825 1633 972 1664 eandem
1011 1633 1140 1664 habent
1189 1632 1379 1665 efficaciam
1418 1632 1452 1664 in
1493 1632 1632 1664 homine
1673 1639 1706 1665 et
1746 1633 1780 1664 in

305 1701 525 1732 quocumque
554 1689 621 1722 alio
650 1690 855 1732 composito,
882 1690 961 1722 ideo
989 1690 1079 1722 sicut
1105 1702 1175 1721 non
1203 1690 1335 1722 asserui
1364 1691 1459 1732 quod
1484 1690 1519 1722 in
1543 1690 1683 1723 homine
1708 1702 1780 1722 non

306 1748 348 1780 sit
379 1748 446 1780 nisi
478 1759 546 1779 una
575 1748 684 1779 forma
721 1748 957 1780 substantialis
990 1759 1055 1781 nec
1091 1760 1220 1787 assero,
1248 1749 1292 1780 ita
1325 1748 1427 1780 etiam
1460 1759 1526 1780 nec
1555 1748 1686 1780 asserui
1714 1759 1780 1780 nec

305 1817 424 1838 assero
463 1806 558 1847 quod
586 1805 624 1853 'in
657 1805 730 1838 aliis
762 1817 834 1838 non
866 1806 907 1838 sit
935 1806 1001 1838 nisi
1033 1818 1102 1838 una
1143 1807 1252 1838 formai
1294 1806 1550 1845 substantialis3
1587 1817 1666 1838 nam
1708 1817 1778 1838 non

306 1863 410 1896 video
435 1860 517 1905 quin
544 1863 656 1896 dictae
681 1863 832 1895 rationes
858 1865 1005 1896 eandem
1032 1864 1221 1896 efficaciam
1247 1866 1398 1896 habeant
1423 1864 1457 1895 in
1482 1864 1652 1896 omnibus.

394 1921 438 1953 Et
471 1921 499 1953 si
534 1922 621 1953 haec
649 1921 775 1964 positio
801 1921 843 1954 sit
872 1922 968 1961 falsa,
995 1922 1077 1964 quia
1111 1923 1283 1964 quaedam
1316 1924 1401 1954 falsa
1436 1922 1669 1964 probabiliora
1701 1928 1781 1954 sunt

307 1979 515 2022 quibusdam
540 1979 640 2019 veris,
674 1990 752 2012 cum
779 1979 853 2011 eius
882 1980 1012 2011 salsitas
1038 1980 1091 2012 vel
1120 1991 1182 2022 per
1207 1980 1438 2012 evidentiores
1464 1981 1615 2012 rationes
1640 1980 1695 2012 vel
1720 1991 1781 2022 per

307 2037 629 2070 determinationem
650 2043 683 2069 et
708 2037 947 2070 auctoritatem
973 2038 1152 2070 Ecclesiae
1177 2039 1367 2080 apparebit,
1387 2044 1445 2070 aut
1470 2039 1496 2070 si
1523 2045 1573 2070 cst
1592 2049 1681 2077 vera,
1702 2049 1781 2070 cum

306 2095 375 2128 hoc
400 2095 501 2128 etiam
528 2095 746 2128 evidentibus
772 2095 963 2127 rationibus
982 2096 1034 2128 vel
1060 2107 1121 2138 per
1145 2096 1467 2128 determinationem
1485 2102 1518 2128 et
1543 2096 1781 2129 auctoritatem

306 2153 485 2186 Ecclesiae
511 2153 701 2195 apparebit,
728 2164 795 2196 ego
823 2153 881 2194 qui
913 2164 983 2185 non
1017 2154 1111 2186 tenui
1136 2165 1201 2186 nec
1234 2154 1367 2186 asserui
1398 2165 1464 2186 nec
1496 2165 1615 2186 assero
1641 2155 1780 2185 alteram

307 2216 439 2254 partem
480 2211 714 2250 determinate,
748 2211 888 2243 alteram
929 2211 1211 2244 certitudinaliter
1243 2218 1276 2244 et
1316 2212 1542 2244 determinate
1583 2212 1707 2255 eligam
1748 2218 1781 2244 et

307 2280 469 2309 asseram,
517 2269 607 2302 illam
646 2269 807 2302 videlicet
853 2281 956 2312 quam
996 2270 1153 2302 Ecclesia
1184 2271 1238 2303 vel
1278 2270 1421 2302 evidens
1461 2270 1547 2302 ratio
1595 2271 1781 2302 tenendam

307 2327 568 2365 demonstrabit,
602 2333 635 2359 et
665 2328 753 2360 forte
789 2328 880 2360 illam
913 2339 1002 2370 quae
1036 2329 1230 2360 secundum
1261 2339 1299 2359 se
1332 2333 1365 2360 et
1399 2328 1593 2360 secundum
1630 2328 1780 2359 rationes

306 2386 481 2417 naturales
506 2385 726 2418 considerata
750 2386 864 2418 minus
896 2386 1084 2428 probabilis
1114 2385 1294 2418 videbitur.
1330 2386 1404 2418 Nec
1436 2387 1504 2418 hoc
1535 2392 1586 2418 est
1618 2386 1781 2417 inconve-

307 2442 417 2482 niens,
458 2442 563 2475 immo
610 2443 644 2475 in
684 2444 751 2475 hoc
791 2449 844 2475 est
883 2443 1039 2476 meritum
1079 2443 1159 2475 fidei
1200 2444 1291 2485 quod
1317 2443 1327 2460 ²
1374 2444 1407 2475 in
1452 2443 1525 2476 eius
1573 2444 1780 2485 obsequium

307 2500 501 2533 intellectus
540 2501 741 2543 captivetur,
781 2507 818 2533 ut
857 2507 977 2533 contra
1017 2512 1057 2533 ea
1094 2512 1183 2543 quae
1219 2512 1260 2533 ex
1292 2501 1541 2544 apparentibus
1578 2501 1782 2542 rationibus,

398 2643 404 2658 ¹
419 2642 552 2669 subiecto
567 2643 600 2670 V.
616 2659 647 2662 β
663 2643 672 2658 ²
686 2652 761 2678 quae
782 2643 815 2669 V.

397 2745 433 2780 (1)
455 2745 562 2780 Quodl.
584 2745 619 2778 II,
639 2747 663 2779 7,
684 2755 732 2781 pp.
754 2747 804 2772 125
824 2750 852 2772 et
875 2748 932 2772 1243.
1679 2748 1713 2774 26
