2493 3458
752 464 926 491 TERTIUM
956 464 1252 498 QUODLIBETUM,
1282 465 1317 500 Q
1346 466 1400 492 VII
1761 469 1812 494 215

342 565 444 593 anno,
470 559 573 596 prout
600 554 760 596 generale
794 553 990 585 Concilium
1023 553 1148 592 statuit⁷
1178 554 1401 586 nihilominus
1433 561 1616 587 teneantur
1650 557 1813 598 quodque

344 611 475 643 z'z'deml
503 612 625 643 fratres
657 622 717 642 eos
746 611 789 642 ad
824 612 891 642 hoc
920 611 1102 653 diligenter
1130 618 1163 643 et
1191 612 1375 644 efficaciter
1399 613 1592 644 secundum
1622 614 1735 645 datam
1765 614 1814 646 eis

343 680 362 700 a
390 668 541 700 Domino
571 668 715 711 gratiam
744 669 966 700 exhortentur
982 668 992 684 ²
1017 671 1073 709 (1),
1100 688 1140 691 —
1165 675 1322 701 teneatur
1347 670 1469 701 eadem
1497 676 1642 712 peccata
1668 682 1814 703 numero

344 726 411 758 iam
461 726 602 757 habenti
650 726 776 757 dictam
820 731 1026 767 potestatem
1075 727 1239 757 confessa
1287 727 1426 768 proprio
1473 728 1647 760 sacerdoti
1693 728 1815 760 iterum

344 783 510 815 confiteri.
537 784 737 815 Secundum
764 789 816 815 est
840 794 881 814 ex
910 789 1005 825 parte
1031 784 1244 815 confessoris
1271 784 1396 816 dictam
1422 790 1627 826 potestatem
1644 786 1814 825 habentis⁷

343 847 376 872 et
400 846 453 873 est
470 847 581 872 utrum
598 841 731 872 habens
749 841 851 872 talem
876 846 1081 882 potestatem
1100 842 1209 883 possit
1225 843 1406 874 absolvere
1424 842 1457 873 in
1476 843 1614 874 casibus
1642 843 1817 886 episcopis

344 899 386 930 de
412 898 484 930 iure
510 904 541 930 et
567 898 821 931 consuetudine
847 904 880 930 et
904 898 1097 930 retentione
1123 899 1316 931 reservatis.

434 956 490 987 Ad
538 955 684 998 primum
724 955 867 987 istorum
906 955 956 987 sic
996 957 1270 997 procedebatur3
1312 963 1344 988 et
1384 959 1594 999 arguebatur
1633 959 1727 999 quod
1767 958 1817 992 sic

347 1014 530 1046 confessus
563 1024 634 1045 non
659 1019 818 1045 teneatur
842 1013 962 1045 iterum
989 1014 1145 1045 confiteri
1174 1014 1281 1055 prima
1307 1016 1352 1046 ml
1379 1016 1736 1048 Thessalonicenses3
1760 1018 1816 1057 (2),

345 1071 503 1113 septimo,
530 1082 634 1113 super
651 1071 755 1102 illud:
782 1071 897 1103 onmia
922 1072 1067 1113 probate
1095 1078 1128 1103 et
1153 1078 1276 1111 cetera,
1304 1073 1431 1104 Glossa
1449 1075 1519 1113 (3):
1546 1073 1678 1105 scilicet
1702 1075 1818 1107 omnia

346 1129 548 1170 probanda3
576 1134 668 1160 certa
693 1129 784 1160 enim
802 1128 1020 1161 discussione
1038 1140 1109 1161 non
1134 1129 1300 1172 indigent*
1327 1131 1418 1173 Ergo
1444 1131 1546 1162 etiam
1563 1143 1632 1164 non
1659 1133 1818 1164 obstante

344 1187 439 1228 quod
463 1186 584 1218 virtute
601 1186 718 1217 statuti
743 1186 914 1229 generalis
936 1187 1084 1219 Concilii
1102 1188 1285 1219 confessus
1304 1188 1445 1219 habenti
1463 1189 1588 1220 dictam
1610 1195 1819 1231 potestatem

346 1250 505 1276 teneatur
541 1244 661 1275 iterum
698 1255 761 1275 suo
799 1244 972 1276 sacerdoti
1006 1245 1162 1276 confiteri
1196 1245 1309 1276 omnia
1339 1252 1483 1287 peccata
1516 1257 1589 1285 sua,
1623 1248 1691 1279 hoc
1726 1247 1820 1279 intel-

348 1302 527 1344 ligendum
554 1303 597 1333 de
633 1302 697 1333 illis
723 1313 812 1343 quae
837 1308 917 1333 sunt
948 1302 1148 1334 confitenda
1182 1303 1254 1334 sive
1280 1314 1368 1344 quae
1402 1304 1626 1336 confessione
1652 1304 1819 1348 indigent.

348 1360 419 1391 Sed
458 1359 513 1390 illa
550 1370 638 1400 quae
675 1359 740 1390 iam
778 1360 962 1391 confessus
1000 1366 1051 1391 est
1087 1360 1137 1391 sic
1173 1360 1353 1403 privilegio
1390 1372 1461 1392 non
1498 1368 1577 1393 sunt
1608 1362 1822 1394 huiusmodit

347 1418 435 1448 Nam
472 1417 559 1448 sicut
595 1423 688 1448 certa
723 1428 793 1448 non
827 1417 983 1460 indigent
1020 1417 1249 1453 discussione,
1286 1418 1331 1449 ita
1364 1419 1526 1450 confessa
1559 1430 1628 1451 non
1663 1419 1821 1463 indigent

349 1474 583 1507 confessione.
610 1475 727 1515 Quare
753 1480 785 1506 et
810 1481 934 1506 cetera.

439 1532 659 1564 Contrarium
692 1533 695 1573 Ι
732 1532 895 1575 arguitur,
937 1538 969 1564 et
1013 1534 1263 1564 ostendebatur
1302 1534 1396 1575 quod
1437 1534 1486 1566 sic
1527 1535 1709 1567 confessus
1750 1547 1821 1567 non

350 1595 492 1632 propter
528 1590 702 1621 defectum
739 1590 945 1622 sacramenti
981 1590 1053 1622 sive
1089 1596 1187 1622 actus
1223 1591 1420 1623 confitentis
1452 1592 1486 1623 in
1519 1592 1719 1625 confitendo
1749 1593 1822 1625 sive

350 1647 563 1680 confessoris
588 1647 622 1678 in
655 1648 881 1686 absolvendo,
907 1648 969 1679 sed
1005 1653 1146 1690 propter
1169 1648 1236 1679 vim
1270 1649 1491 1691 obligationis
1524 1651 1765 1691 praecedentis
1791 1656 1825 1683 et

350 1705 385 1736 in
423 1706 549 1737 robore
588 1716 652 1737 suo
692 1716 763 1737 non
802 1706 962 1737 obstante
1009 1705 1206 1737 huiusmodi
1255 1707 1478 1739 confessione
1526 1713 1559 1739 et
1606 1708 1824 1740 absolutione

350 1764 562 1794 remanentis
578 1762 598 1802 4,
624 1768 781 1794 teneatur
805 1762 926 1794 iterum
957 1763 1079 1795 eadem
1105 1763 1270 1803 confiteri,
1289 1764 1450 1805 quoniam
1476 1776 1547 1796 non
1572 1765 1685 1797 minus
1710 1771 1825 1808 potest

352 1820 428 1862 quis
453 1820 639 1852 efficaciter
663 1820 807 1863 obligari
828 1832 868 1852 ex
886 1826 1014 1852 statuto
1040 1826 1072 1852 et
1097 1827 1284 1863 praecepto
1313 1822 1492 1854 Ecclesiae
1517 1823 1561 1854 ad
1586 1823 1824 1856 confitendum

353 1878 455 1910 alicui
491 1883 524 1910 et
556 1877 663 1910 teneri
695 1878 738 1909 illi
771 1878 928 1910 confiteri
961 1878 1092 1910 ratione
1128 1879 1230 1910 huius
1267 1879 1500 1922 obligationis,
1534 1891 1637 1922 quam
1670 1892 1711 1913 ex
1742 1888 1824 1913 voto

352 1935 502 1978 proprio.
540 1936 612 1968 Sed
648 1936 770 1977 aliquis
804 1942 919 1978 potest
951 1947 988 1967 se
1024 1936 1074 1968 sic
1110 1936 1266 1979 obligare
1303 1948 1344 1968 ex
1384 1943 1466 1969 voto
1507 1939 1550 1970 ad
1587 1939 1825 1971 confitendum

354 1993 465 2032 alicui,
495 1994 589 2034 quod
615 1993 716 2025 etiam
742 2004 821 2025 cum
852 1994 913 2025 rite
939 1994 1124 2026 confessus
1149 2000 1182 2026 et
1216 1995 1396 2026 absolutus
1422 2001 1473 2027 est
1499 1997 1541 2027 ab
1571 1996 1646 2035 alio,
1672 2002 1827 2029 remanet

356 2051 530 2094 obligatus
556 2051 600 2082 ad
626 2052 862 2083 confitendum
896 2051 1017 2083 iterum
1043 2052 1164 2083 eadem
1191 2052 1236 2083 illi
1261 2052 1316 2084 cui
1342 2053 1392 2084 sic
1416 2064 1453 2085 se
1479 2053 1647 2096 obligavit
1663 2054 1682 2085 ⁵.
1710 2055 1827 2095 Quare

354 2108 456 2140 etiam
481 2119 522 2140 ex
547 2114 675 2140 statuto
701 2115 734 2141 et
759 2114 946 2151 praecepto
972 2109 1151 2141 Ecclesiae
1177 2110 1302 2151 poterit
1327 2110 1449 2151 aliquis
1474 2111 1523 2142 sic
1549 2122 1627 2143 esse
1653 2112 1827 2155 obligatus

353 2167 396 2197 ad
443 2166 679 2198 confitendum
728 2166 838 2205 alicui,
888 2167 981 2208 quod
1028 2178 1099 2198 non
1147 2168 1307 2199 obstante
1355 2169 1447 2209 quod
1493 2169 1685 2201 voluntarie
1732 2170 1828 2202 alteri

354 2223 569 2262 confiteatur,
606 2230 721 2255 tamen
758 2224 803 2255 illi
840 2224 1013 2256 tenebitur
1051 2224 1174 2256 virtute
1211 2225 1408 2267 praedictae
1442 2226 1664 2269 obligationis
1705 2218 1827 2259 eadem

447 2380 453 2393 ¹
475 2379 611 2413 quodque
633 2379 732 2412 iidem]
755 2378 1017 2413 quotienscumque
1039 2379 1066 2404 in
1088 2379 1119 2404 V.
1142 2395 1173 2397 —
1196 2380 1204 2393 ²
1218 2384 1390 2406 exercentur
1412 2381 1442 2406 V.
1466 2397 1497 2400 ff
1517 2382 1527 2397 3
1547 2382 1603 2407 tess
1621 2383 1652 2408 V.
1668 2399 1699 2401 —
1715 2385 1829 2410 *161113-

356 2427 460 2449 nentes
480 2423 512 2448 V.
534 2439 564 2441 —
581 2424 590 2437 ⁵
604 2422 735 2457 obligant
756 2423 788 2448 V.

444 2540 482 2570 (1)
503 2539 566 2564 Has
582 2538 699 2564 litteras
711 2538 817 2572 quihus
837 2538 992 2563 Martinus
1012 2538 1220 2572 JI'fratribtts
1239 2539 1409 2566 Minoribus
1422 2543 1450 2566 et
1462 2541 1725 2568 Praea'icatoribus
1734 2544 1830 2578 privi-

358 2582 469 2616 legium
485 2582 519 2608 (Ie
532 2581 766 2615 confessionibus
785 2582 943 2607 audiendis
962 2590 1041 2607 anno
1055 2582 1123 2607 1281
1138 2582 1185 2607 die
1202 2590 1232 2616 15
1248 2583 1418 2609 Decembris
1438 2585 1584 2618 concessit,
1604 2587 1666 2612 edd.
1686 2587 1830 2614 Denifle

358 2630 391 2651 et
416 2625 619 2657 Chatelain,
642 2625 743 2651 Chart.
769 2625 854 2651 Univ.
876 2625 982 2653 Paris,
1004 2626 1024 2657 1,
1044 2631 1078 2650 110
1099 2627 1159 2656 508,
1182 2635 1209 2660 p.
1229 2628 1280 2653 592
1301 2636 1342 2661 sq.
1366 2643 1398 2646 —
1419 2630 1457 2660 (2)
1478 2628 1497 2653 I
1517 2629 1621 2660 Thess„
1643 2639 1666 2656 c.
1681 2631 1714 2661 V,
1735 2633 1776 2657 21.
1797 2648 1830 2651 -

358 2672 396 2702 (ὅ)
419 2669 524 2695 Glossa
544 2669 750 2695 interlinearis
769 2669 797 2694 in
816 2669 842 2694 h.
857 2669 873 2694 l.
886 2677 910 2694 2«
930 2669 1090 2703 probanda.
1107 2669 1194 2695 Certa
1215 2671 1290 2696 enim
1312 2680 1370 2696 non
1390 2676 1478 2706 egent
1498 2672 1680 2700 discussione
1696 2685 1708 2699 2>
1725 2675 1831 2708 (Biblia

359 2722 443 2739 sacra
463 2721 527 2738 cum
550 2713 650 2747 glossa
671 2712 842 2738 ordinaria...
863 2721 932 2738 cura
952 2717 981 2738 et
1001 2712 1097 2738 studio
1118 2713 1320 2748 theologorum
1345 2714 1541 2741 duacensium.
1565 2716 1616 2742 Ed.
1641 2717 1774 2745 Leander
1794 2719 1830 2749 de

359 2757 387 2786 S.
402 2757 535 2790 Martino,
549 2756 729 2793 Antverpiae
745 2757 821 2789 1634,
835 2760 853 2781 t.
868 2756 915 2790 VI,
930 2756 984 2782 col.
998 2757 1069 2789 66⁴2„

1879 1537 1943 1563 cod.
1957 1536 1983 1562 V

1850 1572 1899 1599 fol.
1910 1573 1961 1599 279
1975 1572 2016 1598 Va
