2493 3458
524 575 589 601 sod.
602 575 625 599 V

496 610 606 636 [(11.2Γῶ
619 611 657 636 V³¹

685 442 733 466 lou
1048 439 1235 466 MAGlSTRl
1267 439 1484 465 (zolii-LFRHH
1517 439 1566 465 til-2
1596 438 1792 465 FoNTmUS

681 530 896 561 transmutari
931 529 1071 560 nomine
1104 536 1136 560 ‹‘·t
1169 529 1370 560 delinitione
1407 531 1510 570 (quae
1546 528 1785 560 transmutatio
1819 528 1943 560 (licitur
1975 529 2154 569 generatio

681 594 713 618 vt
746 599 805 618 vor
838 590 840 626 Ι
874 587 1011 628 ruptio),
1045 598 1172 626 fogere
1203 586 1394 617 ⁴subiectum
1434 598 1502 617 uon
1538 599 1614 617 esse
1649 586 1799 618 existens
1841 586 1871 617 in
1906 592 1984 618 actu
2018 593 2050 618 et
2083 597 2154 618 non

682 646 808 675 habere
835 645 978 675 sormam
1005 655 1071 684 qua
1098 642 1356 675 substantiatur.
1384 643 1418 674 si
1445 644 1534 675 enim
1563 644 1705 674 hala-ret
1732 644 1886 681 sormam,
1906 644 2032 675 nullam
2054 644 2152 675 aliam

681 702 847 743 reciperet
874 701 937 732 nisi
968 701 1020 732 illu
1047 701 1237 736 destructa
1265 712 1366 732 unam
1393 701 1482 732 enim
1510 701 1652 732 sormam
1680 701 1808 732 habere
1829 701 1892 732 nisi
1920 702 2050 732 unum¹
2076 703 2155 733 sul)-

681 759 805 791 iectum
824 764 876 791 est
895 758 1117 800 impossibile.
1138 759 1242 799 Quod
1262 758 1350 790 enim
1371 765 1421 790 est
1440 758 1472 789 in
1491 765 1570 790 actu
1596 769 1665 790 non
1693 758 1813 800 recipit
1830 758 1958 800 aliquid
1984 759 2077 800 quod
2103 765 2156 791 est

681 817 713 848 in
732 822 809 848 actu
829 817 1020 848 seeundum
1040 817 1134 857 quod
1161 822 1213 848 est
1238 816 1270 847 in
1297 822 1386 854 actu,
1404 816 1476 847 sive
1495 815 1659 857 quamdiu
1677 822 1729 848 est
1747 815 1780 847 in
1799 822 1887 847 actu.
1906 816 2008 848 Unde
2033 822 2155 848 natura

680 874 876 906 huiusmodi
903 873 1049 905 subiecti
1068 873 1266 915 recipientis
1288 874 1415 905 formas
1434 873 1678 905 substantiales
1696 873 1827 905 scilicet
1845 873 1975 916 primae
1993 873 2155 906 materiae

681 943 825 963 neeesse
851 938 902 963 cst
927 942 1004 963 esse
1030 937 1187 963 naturam
1204 932 1215 947 ²
1240 931 1426 973 potentiae,
1445 931 1576 963 scilicet
1593 931 1686 972 quod
1706 931 1860 973 potentia
1885 937 1937 963 est
1961 931 2035 963 eius
2061 931 2155 964 diffe-

681 990 787 1021 rentia
818 989 1072 1025 substantiali&
1102 995 1134 1020 et
1164 989 1243 1020 ideo
1275 989 1402 1020 nullam
1433 989 1537 1020 habet
1563 989 1706 1020 sormam
1734 989 1907 1030 propriam
1938 995 1970 1021 et
1999 995 2155 1022 naturam

680 1047 882 1079 existentiae
908 1046 941 1077 in
967 1052 1056 1083 actu,
1083 1047 1144 1078 sed
1170 1046 1244 1078 eius
1269 1046 1460 1078 substantia
1487 1053 1538 1078 est
1563 1058 1640 1078 esse
1667 1046 1700 1078 in
1727 1057 1833 1088 posse
1857 1052 1890 1079 et
1915 1057 1956 1078 ex
1981 1047 2049 1079 hoc
2069 1048 2156 1080 haec

681 1104 820 1136 materia
847 1104 966 1146 recipit
991 1115 1114 1135 omnes·
1140 1104 1267 1135 formas
1291 1123 1310 1135 ι.
1338 1104 1438 1135 Unde
1457 1104 1665 1145 quicumque
1685 1105 1861 1146 ponebant
1884 1104 2058 1136 materiam
2077 1115 2156 1137 esse

681 1162 806 1204 aliquid
835 1161 867 1193 in
897 1167 974 1193 actu
1007 1162 1183 1203 ponebant
1212 1173 1334 1193 omnes
1364 1162 1491 1193 formas
1521 1161 1763 1193 accidentales.
1794 1161 1874 1194 Sive
1903 1172 1986 1204 ergo
2015 1162 2155 1194 materia

681 1220 813 1252 dicatur
838 1230 916 1251 esse
941 1219 984 1251 de
1010 1230 1046 1250 se
1072 1219 1236 1260 quiddam
1264 1219 1296 1250 in
1323 1225 1400 1251 actu
1432 1219 1484 1251 vel
1513 1219 1661 1260 aliquam
1691 1219 1924 1251 actualitatem
1954 1219 2155 1262 importanS‚

680 1277 752 1309 sive
778 1277 986 1318 intelligatur
1011 1283 1045 1308 ut
1071 1277 1114 1309 de
1140 1288 1177 1309 se
1203 1277 1236 1308 in
1263 1277 1416 1319 potentia
1444 1277 1554 1308 solum
1581 1277 1743 1315 existens,
1770 1282 1884 1309 tamen
1911 1277 2026 1319 aliquo
2050 1278 2155 1309 modo

681 1335 713 1367 in
747 1341 826 1367 actu
859 1335 1051 1367 secundum
1086 1335 1229 1366 sormam
1263 1335 1524 1366 substantialem
1554 1340 1874 1376 quantumcumque
1900 1334 2155 1377 incompletam,

681 1404 720 1425 ex
746 1393 820 1435 ipsa
849 1398 880 1424 et
911 1393 1020 1424 forma
1050 1403 1139 1433 quae
1169 1392 1291 1424 dicitur
1320 1393 1494 1434 completa
1526 1403 1595 1424 non
1626 1392 1750 1434 poterit
1779 1392 1850 1424 fieri
1880 1403 1986 1424 unum
2017 1403 2079 1435 per
2106 1403 2154 1425 se.

681 1451 798 1491 Quare
829 1450 861 1482 in
892 1449 1071 1492 proposito
1101 1450 1234 1482 videtur
1263 1461 1340 1482 esse
1369 1450 1555 1482 dicendum
1585 1450 1678 1491 quozl
1705 1450 1732 1482 si
1759 1450 1867 1482 forma
1896 1450 2035 1492 generis
2064 1450 2157 1483 dicat

681 1509 827 1550 aliquam
855 1519 923 1541 rem
950 1507 982 1539 in
1010 1507 1151 1539 materia
1175 1507 1275 1539 aliam
1301 1518 1319 1539 a
1345 1507 1538 1540 differentia
1563 1518 1603 1539 ex
1628 1518 1757 1550 genere
1789 1514 1823 1540 et
1847 1507 2050 1547 differentia,
2084 1519 2154 1540 non

681 1567 777 1598 fieret
802 1577 907 1598 unum
934 1576 994 1608 per
1018 1576 1064 1597 se.

769 1624 811 1656 Et
836 1623 886 1656 sic
911 1634 981 1655 non
1007 1623 1096 1655 valet
1121 1623 1384 1655 fundamentum
1410 1623 1523 1656 dictae
1552 1623 1745 1665 positionis.
1772 1623 1941 1664 Quamvis
1969 1629 2083 1656 autem
2112 1624 2156 1655 ab

681 1692 748 1714 una
768 1687 800 1714 et
818 1682 938 1713 eadem
958 1692 992 1713 re
1007 1687 1160 1712 sumatur
1177 1681 1264 1712 ordo
1282 1681 1564 1723 praedicabilium
1583 1691 1672 1722 quae
1689 1681 1949 1724 distinguuntur
1961 1681 2155 1713 secundum

680 1750 793 1781 genus
822 1745 855 1771 ct
883 1739 1111 1771 differentiam
1141 1745 1173 1770 et
1202 1738 1365 1781 speeiem,
1392 1739 1470 1771 item
1497 1739 1688 1771 secundum
1714 1749 1827 1781 genus
1856 1738 2155 1781 generalissimum

681 1804 714 1830 et
743 1797 977 1829 subalternum
1008 1797 1108 1837 (haec
1136 1802 1249 1829 autem
1283 1796 1534 1828 multitudinem
1568 1796 1770 1838 quandam³
1801 1797 2011 1838 important),
2040 1802 2155 1828 tamen

681 1856 767 1887 ordo
793 1854 990 1886 huiusmodi
1015 1854 1069 1886 cui
1095 1865 1165 1886 non
1191 1855 1380 1896 respondet
1405 1854 1587 1886 multitudo
1617 1854 1717 1886 realis
1746 1865 1786 1886 ex
1816 1860 1912 1896 parte
1941 1854 2072 1887 formae
2099 1854 2155 1886 cui

681 1914 904 1956 imponuntur
928 1923 998 1944 non
1024 1918 1075 1944 est
1100 1922 1221 1950 vanus,
1247 1912 1327 1953 quia
1353 1912 1440 1943 ordo
1466 1911 1789 1954 praedicamentalis
1808 1923 1878 1943 non
1898 1911 1980 1944 dicit
1998 1911 2155 1944 ordinem

681 1971 873 2013 aliquorum
911 1969 1056 2012 plurium
1094 1970 1229 2002 realiter
1265 1969 1507 2008 differentium,
1541 1970 1602 2001 sed
1635 1970 1828 2002 secundum
1865 1969 2033 2002 rationem
2066 1980 2156 2011 quae

682 2029 894 2061 sundantur⁴
920 2028 953 2059 in
980 2039 1047 2060 una
1073 2039 1108 2059 re
1137 2033 1309 2069 concepta
1337 2028 1402 2059 sub
1431 2027 1577 2059 diversis
1606 2027 1796 2059 rationibus
1825 2038 1866 2059 ex
1895 2027 2156 2069 comparatione

682 2088 725 2119 ad
758 2087 871 2128 aliqua
904 2085 1065 2117 diversa⁵
1097 2085 1130 2117 in
1163 2085 1279 2127 aliquo
1312 2085 1413 2117 etiam
1447 2085 1748 2118 communicantia.
1782 2085 1824 2116 Et
1857 2085 1936 2117 ideo
1968 2095 2046 2117 cum
2079 2085 2156 2117 talis

682 2144 858 2187 pluralitas
882 2144 1009 2175 habeat
1034 2143 1296 2175 fundamentum
1322 2143 1437 2184 aliquo
1460 2143 1565 2174 modo
1591 2143 1624 2174 in
1650 2154 1685 2175 re
1703 2153 1774 2174 non
1793 2150 1845 2175 est
1863 2153 1980 2181 cassa3
1998 2143 2157 2185 provenit

773 2315 778 2330 ⁸
799 2323 854 2340 om.
868 2312 898 2339 P.
919 2329 950 2332 -—
972 2312 982 2328 2²
1002 2312 1152 2339 materiam
1168 2312 1197 2338 P.
1218 2328 1250 2331 —
1270 2312 1280 2327 ³
1294 2320 1380 2347 quarn
1395 2311 1425 2337 P.
1441 2327 1473 2331 ——
1489 2313 1497 2327 ⁴
1511 2311 1648 2338 fundatur
1662 2311 1692 2338 P.
1710 2328 1740 2331 -—
1763 2313 1773 2327 ⁵
1785 2311 1881 2347 aliqua
1896 2311 2023 2345 diversa]
2039 2311 2157 2338 diversa

682 2358 788 2394 aliqua]
809 2366 863 2383 om.
886 2357 915 2382 P.

682 2475 790 2501 nullam
814 2473 899 2500 aliam
922 2471 1075 2507 reciperet,
1098 2471 1151 2497 nisi
1177 2472 1224 2498 illa
1248 2471 1414 2498 destructa:
1439 2479 1524 2497 unum
1552 2471 1627 2497 enim
1655 2471 1818 2497 subiectum
1846 2471 1955 2497 habere
1981 2471 2046 2506 plus
2069 2479 2155 2506 quam

682 2528 766 2545 unam
790 2517 913 2544 formam
938 2521 983 2542 est
1005 2515 1214 2550 impossibile...
1238 2515 1325 2549 Quod
1352 2516 1428 2541 enim
1451 2520 1496 2541 est
1519 2515 1546 2541 in
1570 2520 1637 2541 actu
1660 2524 1717 2541 non
1741 2514 1844 2550 recipit
1867 2514 1995 2549 aliquod,
2018 2514 2097 2549 quod
2119 2514 2156 2540 sit

682 2563 800 2594 inactu,
813 2560 974 2587 secundum
989 2559 1067 2594 quod
1090 2559 1127 2585 sit
1148 2559 1175 2584 in
1189 2564 1265 2585 actu.
1285 2559 1370 2585 Unde
1391 2563 1493 2585 natura
1513 2559 1597 2584 huius
1617 2558 1741 2585 subiecti
1762 2557 1930 2592 recipientis
1949 2558 2156 2584 substantiales

682 2606 799 2637 formas,
826 2604 964 2630 videlieet
990 2603 1100 2638 primae
1123 2602 1272 2635 materiae,
1295 2611 1418 2629 necesse
1447 2606 1500 2634 est,
1526 2607 1556 2628 ut
1581 2602 1618 2628 sit
1640 2606 1743 2628 natura
1766 2601 1924 2637 potentiae,
1944 2602 2057 2628 scilicet
2077 2601 2156 2636 quod

682 2649 813 2684 potentia
836 2648 873 2674 sit
902 2647 964 2673 eius
987 2646 1151 2672 differentia
1173 2645 1381 2672 substantialis.
1407 2646 1442 2672 Et
1464 2645 1531 2672 ideo
1554 2646 1661 2672 nullam
1685 2646 1774 2672 habet
1799 2645 1921 2671 formam
1949 2645 2098 2680 propriam
2127 2649 2156 2671 et

681 2697 813 2719 naturam
838 2691 1010 2718 existentem
1036 2690 1064 2716 in
1091 2694 1173 2716 actu:
1206 2689 1259 2716 sed
1285 2689 1347 2716 eius
1373 2689 1537 2716 substantia
1563 2694 1607 2715 est
1632 2689 1660 2715 in
1693 2697 1799 2724 posse:
1831 2694 1860 2715 et
1891 2697 1927 2715 ex
1952 2689 2007 2715 hoc
2033 2688 2154 2715 materia

682 2736 785 2771 recipit
805 2743 906 2761 omnes
926 2734 1034 2760 formas
1050 2745 1071 2759 ».
