2493 3458
688 464 737 488 16ss
1050 462 1239 488 MAGISTRI
1269 461 1488 489 GODEFRIDI
1519 462 1568 488 DE
1598 461 1794 488 FONTIBUS

688 553 739 584 vel
769 558 821 584 est
846 551 998 594 potentia
1024 551 1223 594 simpliciter
1247 557 1280 583 et
1308 552 1402 583 nullo
1427 551 1532 583 modo
1561 557 1669 589 actus,
1695 557 1728 583 et
1756 551 1837 583 illud
1862 556 2023 593 respectu
2056 550 2156 584 cuius

686 615 738 642 est
755 610 811 641 et¹
836 609 1035 652 simpliciter
1061 615 1159 641 actus
1184 615 1217 641 et
1242 615 1293 641 est
1319 609 1426 640 forma
1451 608 1697 647 substantialis,
1716 628 1755 631 —
1775 609 1827 641 vel
1850 614 1903 641 est
1927 608 2081 651 potentia
2105 619 2156 641 se-

686 668 838 700 cundum
869 667 950 709 quid
984 672 1016 698 et
1048 666 1247 708 simpliciter
1281 672 1389 704 actus,
1419 672 1452 699 et
1483 666 1565 698 illud
1597 672 1756 708 respectu
1797 666 1896 698 cuius
1936 666 2017 698 est¹
2057 672 2156 699 actus

685 726 878 757 secundum
915 724 997 766 quid
1034 730 1067 756 et
1095 730 1147 756 est
1175 725 1285 756 forma
1310 723 1543 756 accidentalis.
1578 724 1658 755 Non
1687 723 1777 756 enim
1806 730 1858 756 est
1890 723 2041 756 medium
2070 723 2158 756 inter

686 783 873 825 potentiam
903 782 1127 824 simpliciter²
1152 793 1241 824 quae
1270 788 1321 813 est
1346 782 1424 824 hyle
1454 787 1486 813 et
1515 781 1704 824 potentiam
1734 782 1927 814 secundum
1957 781 2039 823 quid
2067 792 2157 824 quae

686 847 738 873 est
765 840 958 872 subiectum
980 840 990 856 ¹⁵
1015 840 1047 872 in
1077 846 1166 878 actu,
1192 846 1225 871 et
1250 850 1311 882 per
1335 850 1556 881 consequens
1581 850 1650 871 non
1681 845 1733 871 est
1759 839 1908 871 medium
1928 839 2014 872 inter
2042 845 2156 872 actum

685 897 884 940 simpliciter
908 898 965 940 qui
998 903 1050 930 est
1082 898 1191 929 forma
1216 897 1451 929 substantialis
1477 903 1509 929 et
1543 903 1656 929 actum
1691 897 1748 938 qui
1774 904 1826 929 est
1858 897 1967 929 forma
1997 897 2157 930 acciden-

684 956 770 988 talis,
797 956 838 987 Et
862 956 1054 987 secundum
1080 956 1147 987 hoc
1173 955 1407 996 Philosophus
1425 957 1470 995 (l)
1497 954 1650 996 posuerit
1675 954 1847 996 duplicem
1874 954 2059 986 factionem
2084 955 2157 988 sive

685 1013 945 1055 generationem
979 1024 1045 1055 qua
1078 1013 1271 1054 composita
1304 1012 1417 1054 aliqua
1450 1024 1512 1054 per
1551 1023 1588 1044 se
1628 1012 1722 1044 fiunt.
1771 1013 1858 1044 Nam
1895 1012 2156 1053 generationem

686 1071 885 1113 simpliciter
933 1070 1058 1112 posuit,
1107 1081 1174 1112 qua
1222 1070 1425 1112 producitur
1471 1070 1702 1112 compositum
1752 1070 1845 1102 dicto
1890 1070 1995 1102 modo
2036 1070 2157 1113 primo,

685 1128 945 1171 generationem
976 1129 1169 1160 secundum
1199 1128 1280 1169 quid
1310 1128 1382 1159 sive
1409 1127 1645 1159 alterationem
1676 1128 1727 1159 vel
1757 1127 1966 1167 huiusmodi,
1991 1139 2059 1170 qua
2080 1139 2158 1170 pro-

686 1186 822 1218 ducitur
846 1186 1076 1228 eompositum
1106 1186 1262 1218 secundo
1282 1186 1397 1217 modo.
1428 1185 1464 1217 Si
1490 1196 1574 1228 ergo
1599 1185 1750 1217 essentia
1779 1191 1812 1217 et
1837 1196 1915 1217 esse
1944 1185 1976 1217 in
2003 1185 2158 1218 materia-

685 1244 774 1276 libus
803 1244 922 1276 dicunt
957 1243 1111 1275 diversas
1147 1254 1201 1275 res
1238 1254 1279 1275 ex
1313 1243 1439 1284 quibus
1480 1254 1585 1274 unum
1626 1243 1764 1284 aliquod
1801 1243 1894 1284 quod
1929 1249 1981 1275 est
2021 1254 2082 1286 per
2120 1254 2158 1276 se

685 1301 851 1334 terminus
884 1301 1029 1332 alicuius
1069 1301 1365 1332 transmutationis
1399 1300 1628 1338 constituitur,
1665 1307 1723 1332 aut
1755 1311 1840 1343 ergo
1880 1301 1916 1332 fit
1949 1312 2053 1333 unum
2098 1312 2159 1344 per

687 1370 724 1391 se
742 1365 800 1391 aut
824 1370 886 1401 per
910 1359 1084 1391 accidens.
1111 1358 1147 1391 Si
1165 1359 1275 1400 primo
1300 1359 1416 1396 inodo,
1436 1358 1547 1400 ipsum
1574 1369 1652 1390 esse
1677 1364 1770 1390 esset
1788 1358 1897 1390 forma
1922 1359 2158 1391 substantialis

686 1423 718 1449 et
754 1423 846 1449 esset
880 1416 962 1448 illud
998 1417 1092 1458 quod
1132 1416 1366 1458 principaliter
1406 1417 1449 1448 ad
1489 1416 1675 1448 essentiam
1716 1416 1901 1458 compositi
1940 1417 2087 1458 pertinet
2125 1422 2159 1449 et

685 1475 759 1517 ipsa
792 1474 942 1507 essentia
968 1474 1161 1516 composita
1187 1484 1227 1506 ex
1260 1473 1401 1505 materia
1427 1480 1459 1506 et
1475 1473 1484 1490 ⁴
1522 1474 1629 1505 forma
1663 1480 1755 1506 esset
1781 1474 1935 1516 potentia
1959 1474 2160 1516 simpliciter

684 1533 718 1564 in
743 1543 872 1575 genere
897 1531 1123 1569 substantiae,
1138 1538 1171 1564 et
1195 1531 1245 1564 sic
1271 1543 1340 1563 non
1367 1531 1431 1563 nisi
1450 1531 1589 1573 ponitur
1606 1531 1747 1563 materia
1773 1531 1890 1574 prima.
1918 1531 1978 1564 Si⁶
2001 1533 2158 1564 secundo

684 1591 800 1629 modo,
836 1596 919 1622 tunc
955 1589 1105 1622 essentia
1138 1595 1230 1621 esset
1270 1589 1397 1631 aliquid
1435 1589 1467 1620 in
1509 1595 1587 1621 actu
1624 1589 1824 1631 simpliciter
1858 1589 1957 1621 cuius
1993 1590 2158 1622 accidens

684 1647 884 1690 simpliciter
900 1653 992 1679 esset
1018 1658 1104 1679 esse.
1132 1648 1202 1679 Sed
1221 1647 1514 1688 quandocumque
1533 1647 1568 1678 fit
1593 1647 1658 1679 tale
1684 1647 1915 1689 compositum
1934 1658 1974 1679 ex
2000 1647 2158 1680 subiecto

685 1706 816 1738 scilicet
841 1711 874 1737 et
901 1705 1093 1744 accidente,
1119 1705 1231 1746 ipsum
1258 1705 1452 1737 subiectum
1489 1704 1687 1737 naturaliter
1721 1710 1753 1736 et
1781 1705 1974 1736 secundum
2000 1716 2037 1737 se
2064 1705 2158 1748 prius

683 1764 789 1796 habet
828 1774 906 1795 esse
946 1763 1119 1795 essentiae
1160 1768 1192 1794 et
1233 1762 1434 1794 existentiae
1474 1773 1577 1804 quam
1618 1762 1792 1794 accidens.
1830 1762 1916 1794 Nam
1953 1762 2032 1795 licet
2067 1762 2158 1806 ignis

684 1821 783 1854 simul
809 1821 867 1853 fiat
892 1821 981 1864 ignis
1017 1826 1050 1853 et
1081 1820 1225 1857 calidus,
1252 1826 1284 1852 et
1321 1820 1410 1863 ignis
1447 1819 1579 1852 calidus
1611 1820 1680 1851 sit⁸
1715 1820 1890 1861 quoddam
1925 1821 2157 1863 compositum

684 1880 813 1911 factum
846 1879 900 1911 vel
925 1879 1144 1921 productum,
1177 1884 1291 1910 tamen
1324 1878 1523 1909 naturaliter
1547 1877 1642 1920 prius
1668 1877 1799 1909 habet⁷
1834 1888 1912 1910 esse
1945 1884 1979 1910 et
2011 1878 2158 1910 existere

685 1937 775 1979 ignis
811 1947 914 1978 quam
951 1936 1024 1968 eius
1061 1936 1227 1971 caliditas.
1264 1935 1344 1977 quia
1380 1935 1573 1967 substantia
1610 1935 1703 1977 prior
1736 1941 1788 1967 est
1825 1941 1946 1967 natura
1981 1941 2015 1968 et
2043 1942 2157 1968 cetera

685 1994 875 2027 accidente.
902 1995 1104 2027 Secundum
1121 1995 1190 2026 hoc
1215 2005 1299 2035 ergo
1322 1993 1473 2025 essentia
1498 1993 1592 2035 prius
1618 2000 1710 2025 esset
1727 2004 1829 2035 quam
1855 2004 1934 2026 esse
1958 1999 1992 2025 et
2016 1994 2159 2026 haberet

685 2052 777 2084 aliud
802 2063 880 2084 esse
906 2063 1008 2094 quam
1034 2052 1084 2083 sic
1109 2062 1187 2083 esse
1212 2051 1306 2093 quod
1332 2051 1456 2083 dicitur
1481 2051 1530 2083 sie
1555 2051 1670 2083 facere
1696 2061 1802 2082 unum
1827 2061 1906 2083 cum
1932 2051 2017 2093 ipsa.

772 2111 965 2147 Praeterea,
983 2109 1063 2151 quia
1088 2109 1244 2151 potentia
1269 2109 1462 2141 secundum
1488 2109 1581 2150 quod
1598 2108 1609 2124 ‘⁴
1633 2108 1831 2141 huiusmodi
1855 2108 1936 2141 dicit
1960 2115 2158 2151 respectum

684 2168 728 2199 ad
764 2173 877 2199 actum
915 2167 986 2199 sive
1023 2167 1176 2205 formam,
1203 2178 1274 2198 non
1308 2166 1432 2198 dicitur
1455 2166 1583 2208 aliquid
1615 2177 1694 2198 esse
1719 2166 1752 2198 in
1778 2166 1933 2208 potentia
1959 2166 2025 2198 nisi
2056 2172 2159 2209 prout

684 2231 736 2257 est
760 2225 794 2257 in
820 2225 974 2267 potentia
999 2225 1043 2256 ad
1068 2230 1182 2257 actum
1199 2224 1210 2240 ⁰
1234 2231 1266 2256 et
1285 2224 1438 2260 sormam,
1465 2234 1530 2255 nec
1555 2223 1622 2255 alio
1648 2224 1754 2255 modo
1779 2223 1904 2255 dicitur
1927 2224 2055 2266 aliquid
2081 2235 2159 2256 esse

684 2283 719 2314 in
751 2289 830 2314 actu
855 2283 920 2314 nisi
945 2288 1048 2324 prout
1080 2288 1131 2314 est
1162 2283 1297 2314 habens
1323 2282 1479 2320 formam,
1513 2292 1578 2313 nec
1614 2281 1727 2313 differt
1757 2281 1885 2323 aliquid
1921 2292 1999 2314 esse
2024 2281 2160 2314 realiter

683 2341 718 2373 in
743 2340 898 2383 potentia
923 2341 966 2372 ad
991 2341 1136 2371 formam
1162 2346 1195 2372 et
1219 2340 1262 2371 ad
1281 2350 1368 2371 esse.
1386 2339 1488 2371 Unde
1506 2339 1600 2380 quod
1630 2345 1682 2371 est
1706 2339 1739 2370 in
1765 2339 1921 2381 potentia
1945 2339 1990 2371 ad
2014 2339 2158 2372 formam

684 2398 944 2431 substantialem
970 2404 1022 2430 est
1050 2398 1083 2429 in
1113 2397 1268 2440 potentia
1293 2397 1336 2428 ad
1362 2407 1441 2429 esse
1466 2397 1519 2428 vel
1548 2396 1695 2429 existere
1720 2396 1849 2438 aliquid
1875 2397 1929 2429 vel
1961 2397 2157 2429 secundum

774 2557 781 2570 ¹
798 2559 826 2580 et
841 2570 872 2573 —
887 2555 940 2587 est]
956 2562 1010 2579 0111.
1025 2554 1056 2579 P.
1077 2569 1109 2572 —
1130 2554 1139 2567 ²¹
1153 2552 1228 2578 inter
1241 2551 1401 2586 potentiam
1423 2551 1604 2586 simpliciter]
1619 2551 1790 2586 simpliciter
1804 2551 1879 2577 inter
1898 2551 2059 2586 potentiam
2074 2551 2104 2577 P.
2125 2567 2158 2570 —

683 2599 693 2614 ¹³
706 2598 838 2633 potentia
852 2598 882 2623 P.
897 2613 929 2616 —
944 2599 952 2612 ⁴
967 2606 1021 2622 0111.
1043 2597 1075 2622 V.
1097 2612 1128 2615 —-
1144 2597 1153 2611 ⁵
1167 2596 1219 2622 sed
1241 2597 1269 2622 P.
1292 2612 1322 2615 —
1344 2596 1422 2621 “0111.
1438 2596 1467 2622 P.
1489 2612 1520 2614 —
1544 2596 1551 2610 ⁷
1566 2605 1620 2622 υηι.
1642 2595 1671 2621 Ρ.
1692 2611 1724 2614 -
1745 2596 1756 2610 ⁸
1769 2595 1928 2621 secundum
1949 2594 2038 2630 quod]
2059 2604 2113 2621 0111.
2127 2595 2157 2621 P.

685 2658 716 2661 —-
731 2643 741 2657 ¹¹
756 2642 818 2667 sive
834 2657 864 2660 ν
881 2642 987 2674 actum]
1002 2649 1056 2666 0111.
1072 2640 1101 2666 P.

773 2759 811 2792 tl)
831 2756 1064 2783 Aristotelis
1083 2756 1128 2781 De
1143 2756 1339 2791 generatione
1358 2757 1385 2781 et
1403 2755 1594 2790 corruptione
1614 2754 1630 2780 l.
1651 2755 1672 2785 1,
1693 2763 1716 2780 c.
1736 2756 1752 2780 3
1773 2756 1811 2790 (p.
1832 2755 1904 2782 317).

2480 3297 2493 3458 ῌ--ο
2487 2876 2493 3289 -ῌ---.-.-ᾼ
2491 2854 2493 2859 .
2492 2829 2493 2834 Α
2492 2806 2493 2812 ᾼ
