2493 3458
680 446 714 471 88
1045 444 1233 471 MAGlS‘rRl
1264 444 1481 470 contii-'mol
1512 445 1562 471 DE
1592 445 1788 471 Fox‘slsstfs

681 540 760 566 sunt
789 545 867 566 esse
895 534 1031 576 species
1060 534 1177 571 (immo
1203 534 1303 566 etiam
1329 534 1521 566 secundum
1547 534 1692 575 aliquos,
1719 534 1810 566 ηοιιΙ
1837 541 1915 566 sunt
1943 534 2154 567 universales

2025 592 2045 631 ²,
2075 592 2154 633 quia

679 592 830 624 rationes
855 591 984 624 ideales
1010 591 1042 623 in
1070 592 1146 623 Deo
1180 591 1243 623 nisi
1276 592 1319 623 ad
1345 592 1484 623 modum
1517 592 1782 624 universalitatis
1812 592 2004 634 specierum

679 660 745 682 nec
770 650 906 692 proprie
938 656 1017 681 sunt
1050 649 1148 681 ideae
1178 660 1356 691 generum,
1388 661 1430 681 eo
1463 650 1557 691 quod
1590 660 1659 681 non
1693 649 1811 681 dicunt
1843 660 1973 691 ¹genera
2004 649 2153 691 aliquam

679 708 823 739 formam
857 708 982 740 realem
1023 707 1122 739 aliam
1165 718 1184 738 a
1224 707 1334 738 forma
1373 707 1548 749 specifica,
1589 707 1863 739 diversificantur
1901 714 2014 739 autem
2055 707 2154 739 ideae

679 766 872 798 secundum
906 765 1072 797 rationem
1116 770 1218 807 prout
1250 764 1533 796 ‹liversificabiles
1567 771 1645 796 sunt
1683 766 1874 797 secundum
1917 776 1986 796 rem
2023 765 2154 796 formae

679 828 712 855 et
748 823 919 855 essentiae
951 828 1209 862 creaturarum),
1243 828 1276 854 et
1316 833 1393 854 cum
1430 822 1543 865 angeli
1573 823 1766 854 secundum
1796 834 1876 854 suas
1909 823 2078 854 essentias
2118 828 2155 854 ut

679 880 807 913 dictum
833 886 885 913 est
913 881 1015 912 rebus
1044 879 1224 912 assimilari
1254 891 1324 912 non
1353 886 1510 922 possunt,
1536 880 1598 912 sed
1630 891 1691 922 per
1718 880 1850 922 aliquas
1875 880 2012 922 species
2036 891 2154 922 super-

679 938 824 977 addita&
853 943 989 980 oportet
1018 939 1111 979 quod
1141 938 1334 970 secundum
1363 937 1563 969 huiusmodi
1589 937 1725 979 species
1751 938 1994 979 superadditas
2023 936 2160 970 assimii

678 997 791 1028 lentur
815 995 1000 1038 speciebus
1018 995 1146 1027 entium
1173 995 1311 1037 propria
1336 995 1591 1027 assimilatione.
1619 995 1715 1027 Sicut
1741 1001 1855 1027 autem
1881 1001 2003 1027 natura
2029 996 2153 1037 angeli,

678 1054 758 1096 quia
784 1060 835 1086 est
859 1053 999 1085 limitata
1017 1054 1060 1085 ad
1085 1053 1345 1085 determinatam
1364 1053 1452 1085 entis
1471 1053 1634 1095 speciem,
1653 1064 1723 1085 non
1742 1059 1856 1095 potest
1873 1064 1950 1085 csse
1968 1053 2153 1085 similitudo

678 1112 820 1143 aliorum
847 1111 1036 1153 aliquorum
1064 1122 1083 1142 a
1108 1122 1145 1143 se
1170 1111 1309 1153 propria
1335 1118 1366 1143 et
1395 1111 1633 1149 determinata,
1660 1111 1704 1142 ita
1730 1111 1831 1143 etiam
1859 1111 2023 1153 quicquid
2049 1112 2154 1143 habet

679 1180 756 1202 esse
782 1169 813 1201 in
836 1169 961 1211 angelo
987 1175 1123 1211 oportet
1149 1180 1225 1201 esse
1255 1169 1442 1200 limitatum.
1474 1170 1592 1209 Quare
1621 1168 1722 1200 ctiam
1752 1169 1944 1200 secundum
1972 1168 2053 1200 illud
2082 1180 2153 1201 non

678 1227 813 1259 videtur
831 1238 934 1269 posse
963 1227 1118 1269 pluribus
1143 1226 1343 1262 assimilari:
1370 1233 1402 1258 et
1428 1226 1477 1258 sic
1503 1234 1538 1258 ut
1564 1226 1707 1264 videtur,
1734 1237 1798 1258 nec
1823 1226 2015 1258 substantia
2040 1226 2153 1270 angeli

678 1295 744 1317 nec
769 1285 882 1326 aliqua
907 1284 1043 1326 species
1069 1284 1168 1316 re‘alis
1187 1284 1242 1316 in²¹
1264 1284 1340 1326 ipso
1367 1290 1479 1326 potest
1505 1296 1582 1316 esse
1600 1284 1776 1316 sufficiens
1794 1284 1980 1315 similitudo
2007 1284 2152 1326 plurium

678 1343 721 1374 ad
743 1342 888 1374 invicem
907 1342 1025 1384 specie
1043 1342 1293 1374 distinctorum.
1322 1342 1362 1373 Et
1387 1342 1466 1383 quia
1492 1342 1608 1373 omnia
1634 1353 1779 1383 quorum
1806 1353 1896 1373 unus
1922 1342 1998 1374 est⁴
2023 1353 2153 1383 cogno—

677 1411 780 1432 scens
805 1400 890 1431 alius
909 1399 1009 1431 etiam
1029 1406 1079 1431 est
1097 1410 1331 1441 cognoscens,
1351 1399 1429 1431 ideo
1448 1399 1582 1431 videtur
1599 1400 1692 1441 quod
1712 1405 1760 1431 tot
1779 1406 1857 1431 sunt
1875 1399 2012 1442 species
2031 1399 2063 1431 in
2083 1411 2152 1432 uno

677 1463 762 1499 quot
786 1457 889 1489 εςιιηῐὖ
906 1457 938 1489 in
964 1457 1041 1495 alio,
1060 1463 1093 1489 et
1111 1457 1143 1488 in
1169 1457 1323 1499 quolibet
1348 1463 1397 1488 tot
1422 1463 1505 1499 quot
1530 1463 1609 1489 sunt
1627 1462 1728 1489 natae
1746 1468 1824 1489 esse
1847 1457 1983 1499 species
2004 1457 2152 1495 entium3

678 1521 735 1547 aut
770 1521 887 1547 essent
924 1515 1115 1557 imperfecti
1152 1515 1253 1547 etiam
1290 1522 1456 1556 quantum
1490 1515 1533 1546 ad
1567 1514 1826 1555 intelligentiam
1860 1515 2048 1547 naturalem
2082 1527 2152 1547 non

676 1574 846 1605 habentes
871 1573 1007 1615 species
1032 1584 1155 1605 omnes
1174 1584 1235 1615 per
1259 1584 1344 1614 quas
1363 1572 1432 1604 nati
1458 1579 1575 1604 essent
1602 1572 1803 1614 intelligere.
1831 1573 1878 1604 lta
1903 1573 1996 1614 quod
2017 1573 2152 1615 species

677 1630 951 1672 uniuscuiusque
969 1631 1057 1663 entis
1082 1630 1237 1673 specifici
1255 1631 1407 1663 existens
1425 1630 1458 1662 in
1478 1630 1652 1662 intellectu
1670 1631 1830 1672 angelico
1848 1637 1899 1662 est
1916 1630 2092 1663 sufficiens
2109 1631 2152 1663 ad

677 1688 912 1731 cognitionem
939 1688 1091 1720 omnium
1120 1688 1387 1725 individuorum,
1412 1689 1672 1730 quodammodo
1698 1688 1825 1720 variata
1851 1689 1902 1720 vel
1929 1688 2153 1730 multiplicata

676 1747 870 1779 secundum
903 1746 1071 1779 rationem
1103 1752 1264 1788 respectu
1297 1746 1511 1778 diversorum
1545 1746 1811 1784 individuorum,
1842 1766 1881 1769 —
1911 1746 2004 1788 quod
2037 1752 2151 1779 tamen

675 1805 781 1836 habet
802 1804 988 1846 specialem
1015 1804 1248 1836 difficultatem
1275 1803 1405 1836 scilicet
1430 1805 1607 1845 quomodo
1633 1804 1746 1847 angeli
1772 1804 1815 1836 de
1841 1815 1932 1836 novo
1959 1804 2153 1847 intelligunt

676 1861 790 1904 aliqua
815 1861 1011 1905 singularia.

765 1920 854 1952 Sunt
878 1930 962 1961 ergo
978 1919 990 1935 ⁸
1018 1919 1294 1957 universaliores,
1321 1919 1353 1951 id
1379 1926 1430 1951 est
1455 1919 1689 1958 virtuosiores‚
1708 1920 1788 1961 quia
1817 1931 1878 1962 per
1902 1919 1995 1962 ipsas
2021 1920 2152 1962 perfec-

676 1977 742 2008 tius
783 1982 816 2009 et
855 1977 1027 2019 limpidius
1066 1977 1265 2019 superiores
1305 1983 1549 2018 cognoscunt:
1585 1984 1666 2009 sunt
1702 1977 1802 2009 etiam
1842 1977 2035 2019 pauciores,
2072 1978 2152 2019 quia

675 2034 903 2077 simpliciores
943 2035 976 2067 in
1009 2041 1176 2076 quantum
1216 2035 1433 2067 actualiores.
1475 2035 1676 2077 Philosophi
1711 2040 1824 2067 autem
1861 2046 1932 2066 non
1973 2036 2152 2077 ponebant

675 2092 874 2125 huiusmodi
914 2092 1050 2134 species
1087 2103 1164 2124 esse
1204 2104 1258 2125 res
1295 2092 1429 2124 additas
1466 2092 1555 2124 sed⁷
1595 2092 1747 2124 rationes
1783 2098 1925 2131 tantum,
1963 2093 2051 2125 sicut
2086 2104 2152 2125 nos

676 2149 822 2182 dicimus
850 2151 894 2182 de
926 2151 1012 2182 Deo.
1042 2150 1084 2182 Et
1112 2150 1192 2192 quia
1227 2151 1425 2192 superiores
1455 2150 1600 2193 angelos
1629 2151 1807 2192 ponebant
1838 2151 1966 2182 habere
2002 2150 2151 2192 aliquam

674 2207 841 2240 rationem
874 2207 1086 2239 causalitatis
1115 2213 1273 2249 respectu
1304 2208 1457 2239 omnium
1487 2208 1615 2240 entium
1647 2207 1844 2239 inferiorum
1877 2210 1960 2243 (non
1989 2207 2039 2239 sic
2068 2208 2151 2240 inse-

674 2266 790 2304 riores,
832 2266 911 2306 quia
950 2271 1110 2307 respectu
1151 2265 1366 2307 superiorum
1404 2266 1530 2297 nullam
1567 2265 1802 2297 causalitatem
1838 2267 2037 2303 habebant),
2071 2265 2150 2298 ideo

674 2323 811 2365 species
843 2323 918 2354 illas
947 2323 1109 2355 dicebant
1136 2323 1401 2355 universaliores
1434 2323 1466 2354 in
1493 2324 1672 2355 causando
1701 2329 1735 2355 et
1763 2324 2023 2364 quodammodo
2048 2323 2149 2355 etiam

674 2380 708 2412 in
748 2381 1025 2423 cognoscendo3
1065 2381 1119 2412 vel
1159 2380 1187 2412 si
1226 2392 1279 2413 res
1316 2381 1450 2412 additas
1486 2381 1675 2423 ponebant,
1712 2381 1898 2413 dicendum
1936 2381 2031 2422 quod
2070 2387 2151 2413 sunt

673 2438 940 2470 universaliores
966 2444 998 2470 et
1023 2438 1216 2480 pauciores.
1242 2438 1330 2470 sicut
1355 2438 1449 2480 prius
1475 2445 1508 2471 et
1532 2444 1654 2471 cetera.

764 2596 770 2609 ¹
785 2599 815 2620 ut
829 2594 862 2626 V,
877 2594 922 2620 vel
939 2594 968 2619 Ρ.
989 2609 1021 2612 —
1042 2594 1052 2608 ⁴-’
1065 2594 1292 2620 universalitatis
1311 2593 1485 2628 specierum]
1506 2594 1670 2628 specierum
1689 2594 1918 2620 universalitatis
1932 2594 1962 2620 Ρ.
1978 2610 2010 2613 -
2024 2595 2035 2609 ³
2048 2603 2103 2620 om.
2118 2594 2149 2623 Ρ,

674 2655 705 2663 -,-
727 2640 735 2653 ⁴
749 2646 822 2666 unus
843 2639 896 2670 est]
917 2642 961 2664 est
975 2646 1048 2664 unus
1063 2637 1091 2663 P.
1112 2653 1143 2656 —-
1166 2638 1175 2652 ³·
1189 2646 1243 2663 om.
1264 2638 1294 2664 Ρ.
1315 2653 1347 2656 ᾔ
1368 2639 1378 2653 ‘³
1393 2637 1479 2664 etiam
1501 2638 1531 2664 P.
1552 2654 1583 2657 —
1607 2638 1696 2664 ⁷licet
1717 2638 1746 2664 P.
