2493 3458
786 457 961 483 TERTIUM
988 457 1285 491 QUODLIBETUM,
1315 456 1349 480 Ο.
1379 456 1389 481 Ι
1772 457 1820 481 150

1319 480 1340 490 ιι

349 555 427 581 actu
453 549 517 580 nisi
542 548 585 579 sit
610 547 655 579 ibi
682 547 888 588 compositio
914 546 1089 588 potentiae
1116 552 1147 576 et
1174 552 1270 577 actus
1301 546 1408 585 (quod
1434 544 1523 576 enim
1547 544 1596 576 sic
1614 555 1684 576 non
1711 551 1762 576 est
1787 544 1820 575 in

330 606 503 649 'potentia
536 611 678 643 tantum,
712 615 776 636 nec
809 610 861 636 est
893 609 990 635 actus
1027 609 1178 637 tantum:
1217 602 1296 643 quia
1338 602 1365 633 si
1401 608 1494 633 esset
1530 602 1653 633 actus¹
1690 607 1820 633 tantum

350 675 422 696 non
456 669 547 695 esset
577 663 610 693 in
648 662 802 704 potentia
838 662 880 692 ad
918 672 995 692 6556
1029 671 1093 691 nee
1131 666 1249 701 posset
1286 671 1355 691 non
1396 670 1494 697 6556;
1528 659 1554 690 5ί
1593 659 1691 690 etiam
1731 665 1822 691 esset

351 721 505 763 potentia
542 726 672 751 tantuin
709 720 803 760 quod
835 719 887 757 sit,
921 729 991 749 non
1025 724 1144 759 posset
1179 725 1257 748 actu
1294 728 1392 751 esse:
1426 723 1459 748 et
1494 717 1572 748 ideo
1610 722 1746 758 oportet
1782 728 1822 749 ex

351 785 497 819 utroque
534 788 610 809 6556
651 777 881 818 compositum
923 782 956 807 ut
999 776 1108 817 possit
1153 786 1230 806 esse
1271 781 1303 806 et
1342 786 1413 805 non
1450 785 1538 811 esse,
1579 775 1690 805 solum
1732 775 1822 806 enim

352 836 580 878 compositum
615 841 666 866 est
702 834 796 875 quod
833 840 884 866 est
917 844 978 875 per
1014 844 1050 864 se
1083 833 1248 874 possibile
1275 843 1352 863 esse
1383 838 1415 863 et
1440 842 1511 863 non
1538 838 1639 871 esse>‚
1669 832 1822 873 potentia

351 904 432 925 vero
459 899 491 925 et
516 899 614 924 actus
640 899 719 924 sunt
745 891 923 933 possibilia
953 902 1030 922 esse
1060 897 1092 922 et
1121 901 1191 921 non
1218 901 1295 921 esse
1324 901 1385 931 per
1410 890 1573 921 accidens
1599 890 1632 921 in
1658 895 1822 931 quantum

352 957 432 983 sunt
468 956 583 992 partes
618 949 801 991 compositi
831 949 923 990 quod
959 954 1010 980 est
1041 959 1100 989 per
1130 959 1166 979 se
1199 947 1366 989 possibile
1392 958 1469 979 esse
1499 953 1531 979 et
1557 958 1626 979 non
1656 958 1743 986 esse,
1770 947 1825 979 cui

352 1008 551 1051 adiungitur
587 1018 664 1039 esse
697 1007 830 1038 realiter
862 1006 1025 1038 differens
1057 1007 1099 1036 al)
1133 1005 1207 1047 ipsa
1239 1005 1412 1042 essentiam
1440 1025 1477 1027 μ
1505 1016 1582 1037 cuin
1608 1005 1746 1046 inquam
1780 1005 1825 1036 ita

352 1066 404 1105 sit,
431 1072 466 1097 ut
498 1066 564 1096 iam
594 1065 721 1096 dictun
752 1070 813 1102 est,
847 1075 993 1095 necesse
1020 1069 1071 1095 est
1096 1063 1210 1095 dicere
1237 1063 1330 1104 quod
1358 1074 1435 1094 esse
1461 1063 1554 1094 addit
1581 1073 1651 1094 rem
1677 1063 1824 1104 aliquam

353 1134 458 1165 super
482 1123 677 1155 essentiam.
710 1122 806 1153 Sicut
837 1132 922 1164 ergo
950 1121 1104 1162 potentia
1137 1121 1300 1152 materiae
1329 1132 1401 1151 non
1432 1120 1606 1152 reducitur
1635 1121 1678 1151 ad
1711 1126 1825 1152 actum

354 1181 419 1212 nisi
445 1192 504 1222 per
534 1180 661 1221 aliquid
678 1180 688 1196 '²
713 1179 867 1211 additum
896 1179 1026 1211 scilicet
1052 1190 1113 1220 per
1138 1179 1293 1216 formam7
1321 1178 1365 1209 ita
1391 1184 1424 1209 et
1450 1177 1604 1219 potentia
1629 1178 1801 1210 essentiae
1817 1178 1828 1194 ³

354 1250 423 1270 non
453 1238 626 1270 reducitur
651 1238 694 1269 ad
720 1243 833 1269 actum
860 1237 924 1268 nisi
950 1248 1011 1278 per
1036 1236 1163 1277 aliquid
1189 1236 1343 1267 additum
1369 1236 1500 1267 scilicet
1527 1247 1588 1278 per
1622 1247 1708 1267 esse.
1734 1236 1827 1279 Ergo

354 1307 432 1328 esse
451 1302 502 1327 est
531 1296 622 1327 aliud
648 1297 690 1326 al)
717 1294 868 1326 essentia
897 1294 984 1326 sieut
1016 1295 1125 1325 forma
1154 1300 1206 1325 est
1234 1294 1323 1325 aliud
1359 1305 1377 1324 ιι
1407 1294 1557 1325 materia.
1584 1294 1620 1325 Si
1649 1293 1739 1325 enim
1766 1304 1827 1325 ens

356 1354 475 1395 [quod]
514 1364 583 1384 non
615 1355 618 1394 Ι
652 1352 882 1394 compositum
915 1363 956 1383 ex
985 1352 1125 1383 materia
1160 1358 1192 1383 et
1226 1352 1335 1383 forma
1364 1352 1569 1393 productum
1599 1352 1631 1382 in
1662 1362 1738 1383 esse
1767 1363 1828 1393 per

355 1411 627 1454 generationem,
670 1411 731 1442 sed
771 1421 832 1441 ens
873 1410 1017 1451 simplex
1058 1409 1091 1440 in
1129 1410 1280 1441 essentia
1326 1410 1358 1440 in
1405 1420 1482 1441 esse
1522 1410 1730 1451 productum
1769 1420 1829 1451 per

356 1468 567 1501 creationem
593 1479 663 1500 non
693 1474 785 1499 esset
814 1468 879 1499 tale
909 1468 1002 1508 quod
1033 1467 1065 1498 in
1095 1478 1136 1499 eo
1163 1467 1361 1499 necessario
1383 1467 1510 1508 aliquid
1535 1473 1627 1499 esset
1652 1472 1828 1508 receptum

356 1538 375 1558 a
412 1533 550 1558 creante
587 1526 679 1564 illud,
706 1531 798 1557 esset
827 1531 924 1556 actus
953 1536 1059 1566 purus
1090 1531 1121 1556 et
1155 1536 1231 1556 6556
1261 1536 1394 1566 purum,
1425 1531 1457 1556 et
1487 1531 1578 1557 esset
1609 1536 1708 1556 suum
1741 1536 1828 1563 esse,

357 1591 389 1616 et
418 1584 467 1615 sic
493 1590 585 1616 esset
609 1583 776 1615 infinitum
804 1589 836 1615 et
861 1583 1062 1614 illimitatum
1089 1589 1121 1614 et
1147 1594 1208 1624 per
1238 1594 1274 1614 56
1300 1594 1445 1615 necesse
1478 1594 1564 1615 esse.
1592 1583 1661 1615 Sed
1687 1584 1754 1615 hoc
1780 1588 1831 1614 est

358 1642 491 1674 falsum.

446 1700 497 1730 Ex
515 1699 700 1741 praedictis
726 1710 809 1741 ergo
837 1704 929 1740 patet
957 1699 1007 1730 vel
1032 1698 1166 1730 videtur
1191 1699 1285 1739 quod
1311 1709 1382 1730 non
1408 1698 1517 1740 possit
1543 1699 1610 1730 dici
1635 1699 1729 1740 quod
1754 1709 1831 1730 esse

357 1758 411 1789 vel
446 1757 531 1789 ratio
568 1756 708 1788 essendi
754 1756 926 1788 essentiae
968 1756 1076 1798 ipsius
1109 1756 1295 1798 compositi
1331 1767 1372 1788 ex
1402 1757 1543 1788 materia
1577 1763 1609 1788 et
1641 1757 1751 1788 forma
1790 1756 1833 1787 sit

358 1815 537 1847 actualitas
562 1815 693 1846 formae
711 1821 744 1846 et
769 1814 986 1856 participatio
1013 1814 1086 1845 eius
1116 1820 1151 1845 ut
1180 1820 1231 1845 est
1260 1814 1293 1845 in
1324 1814 1464 1846 materia
1490 1820 1522 1846 et
1553 1815 1645 1855 quod
1677 1825 1754 1846 6556
1780 1815 1833 1846 vel

359 1872 444 1905 ratio
471 1873 610 1904 essendi
636 1871 799 1914 simplicis
834 1872 965 1903 formae
995 1873 1189 1903 abstractae
1224 1883 1242 1903 a
1273 1872 1413 1904 materia
1445 1872 1487 1903 sit
1516 1872 1694 1904 actualitas
1724 1872 1832 1914 ipsius

360 1932 491 1963 formae
528 1930 702 1972 simplicis,
746 1930 910 1971 quoniam
958 1935 1040 1961 tunc
1087 1930 1129 1961 de
1173 1930 1304 1961 ratione
1351 1938 1383 1961 et
1420 1930 1621 1961 definitione
1662 1930 1833 1962 essentiae

360 1988 468 2030 ipsius
501 1988 686 2030 compositi
722 1999 763 2019 ex
799 1987 941 2019 materia
978 1994 1011 2019 et
1046 1988 1157 2019 forma
1189 1994 1281 2019 esset
1317 1998 1393 2019 esse
1428 1987 1627 2029 simpliciter
1662 1988 1695 2019 in
1721 1999 1833 2020 rerum

359 2053 481 2078 natura
499 2046 587 2077 sicut
612 2051 644 2077 et
670 2045 848 2078 actualitas
874 2045 1015 2083 formae,
1035 2051 1067 2077 et
1090 2046 1132 2076 de
1158 2045 1290 2077 ratione
1316 2045 1488 2077 essentiae
1514 2046 1644 2077 formae
1670 2045 1834 2087 simplicis

360 2109 452 2136 esset
477 2114 555 2135 esse
581 2103 780 2145 simpliciter
805 2103 837 2134 in
864 2109 942 2134 actu
969 2103 1057 2135 sicut
1082 2104 1124 2134 de
1150 2103 1282 2134 ratione
1308 2103 1416 2144 ipsius
1442 2109 1493 2135 est
1511 2103 1689 2135 actualitas
1714 2103 1833 2145 ipsius.

360 2161 402 2193 Et
426 2167 509 2193 tunc
541 2172 619 2193 cum
654 2161 780 2202 aliquid
816 2172 888 2192 non
925 2161 1035 2202 possit
1070 2171 1134 2192 nec
1169 2171 1245 2192 esse
1278 2172 1343 2193 nec
1379 2161 1521 2203 intelligi
1561 2161 1636 2193 sine
1669 2172 1711 2193 eo
1740 2161 1834 2202 quod

359 2225 411 2251 est
437 2220 480 2251 de
506 2230 569 2250 sua
605 2219 748 2256 ratione,
778 2218 928 2250 essentia
955 2224 1133 2250 creaturae
1167 2230 1237 2250 non
1272 2225 1391 2260 posset
1425 2219 1624 2261 simpliciter
1651 2230 1721 2251 non
1747 2230 1834 2255 6556,

360 2288 425 2309 nec
451 2282 571 2319 posset
596 2276 739 2319 intelligi
763 2287 833 2308 non
853 2287 930 2308 6556
956 2288 1102 2317 quorum
1129 2282 1312 2318 utrumque
1330 2277 1452 2308 falsum
1479 2282 1539 2308 est.
1567 2277 1617 2308 Ex
1639 2276 1835 2308 actualitate

362 2345 446 2377 ergo
476 2335 608 2366 formae
639 2334 672 2365 in
707 2334 847 2365 materia
876 2335 980 2365 habet
1006 2334 1156 2366 essentia
1186 2334 1370 2375 compositi
1400 2335 1492 2375 quod
1523 2334 1641 2375 5ῐ[η]ῖ4
1670 2345 1731 2365 6η5
1758 2340 1835 2365 actu

363 2398 395 2424 et
428 2403 489 2434 per
523 2403 560 2423 se
594 2391 805 2434 intelligibile
839 2398 871 2423 et
905 2403 966 2434 per
1000 2402 1036 2423 se
1072 2391 1105 2423 in
1138 2392 1420 2433 praedicamento
1454 2393 1547 2433 quod
1580 2398 1631 2423 est
1660 2403 1737 2423 esse
1770 2391 1836 2423 exi-

362 2449 508 2482 stentiae
534 2450 628 2491 quod
658 2450 803 2481 debetur
828 2449 1000 2481 essentiae
1026 2450 1241 2490 compositae
1266 2460 1328 2491 per
1350 2460 1387 2481 se
1412 2455 1574 2490 tanquam
1602 2450 1644 2480 ad
1668 2449 1836 2481 rationem

363 2507 436 2540 eius
462 2507 661 2549 pertinens3
688 2513 720 2538 et
745 2508 813 2539 hoc
837 2507 975 2548 quidem
1015 2513 1243 2550 aggregatum
1277 2507 1348 2539 sive
1383 2507 1533 2539 essentia
1567 2518 1608 2539 ex
1639 2507 1779 2539 materia
1805 2513 1838 2539 et

362 2566 473 2597 forma
497 2565 682 2597 constituta
708 2570 760 2597 est
785 2565 818 2596 in
845 2564 998 2606 potentia
1030 2566 1073 2596 ad
1106 2576 1184 2596 esse
1211 2565 1410 2606 simpliciter
1437 2565 1581 2601 actuale,
1608 2565 1702 2606 quod
1734 2565 1838 2596 habet

364 2623 515 2655 essentia
543 2622 631 2655 sicut
660 2628 836 2664 receptum
863 2628 895 2654 et
920 2622 1162 2664 participatum
1189 2634 1208 2653 a
1233 2623 1340 2664 prima
1367 2623 1506 2654 essendi
1532 2633 1637 2655 causa
1673 2633 1762 2664 quae
1787 2628 1839 2655 est

456 2754 461 2767 ¹
478 2761 533 2778 om.
550 2752 579 2778 P.
596 2768 627 2771 —-
643 2753 652 2767 '³
667 2752 786 2789 aliquod
801 2752 830 2778 P.
847 2769 877 2771 —
893 2753 903 2768 ³
917 2752 1056 2779 materiae
1071 2753 1100 2778 Ρ.
1117 2769 1147 2772 -
1163 2754 1171 2767 ⁴
1186 2756 1243 2778 stat
1263 2753 1293 2780 P,

1885 1352 1949 1378 cod.
1964 1352 1989 1377 V

1850 1387 1899 1413 fol.
1913 1389 1965 1413 272
1981 1387 2020 1413 Ra
