2493 3458
725 429 939 456 SECUNDUM
971 430 1267 463 QUODLIBETUM,
1296 432 1331 465 Q.
1358 431 1383 456 ll
1755 434 1788 456 67

324 519 522 550 huiusmodi
550 518 789 550 accidentibus
818 518 851 549 in
892 518 1124 561 singularibus
1168 520 1261 560 quod
1293 519 1384 550 aliud
1417 526 1468 551 est
1498 521 1689 551 secundum
1718 531 1788 551 rem

324 577 405 608 illud
431 577 524 618 quod
550 577 593 607 ad
624 576 734 617 ipsam
764 576 949 607 essentiam
974 582 1007 607 et
1036 576 1260 617 quidditatem
1282 577 1329 608 rei
1354 577 1545 608 secundum
1571 588 1608 608 se
1633 578 1789 619 pertinet,

324 639 357 665 et
385 634 467 665 illud
484 633 582 665 cuius
607 639 658 664 est
675 633 751 674 ipsa
769 633 942 674 quidditas
967 633 1038 664 sive
1063 639 1170 664 toturn
1201 640 1428 676 aggregatum
1454 645 1495 665 ex
1520 634 1576 665 tali
1600 640 1722 666 natura
1747 641 1789 673 et,

324 691 561 722 accidentibus
586 701 674 732 quae
692 690 701 707 ¹
724 690 757 721 in
784 701 853 721 uno
879 690 1061 732 supposito
1090 691 1320 722 includuntur.
1347 691 1547 723 Secundum
1570 691 1651 723 illud
1679 692 1790 724 Philo-

324 748 424 789 sophi
443 750 487 788 (1)
516 748 616 779 tertio
646 749 688 779 de
718 747 841 786 anima,
860 748 953 788 quod
983 748 1074 779 aliud
1093 754 1145 779 est
1170 759 1249 780 caro
1275 754 1307 779 et
1332 749 1444 779 carnis
1463 759 1560 788 esse3
1587 755 1620 780 et
1644 750 1790 791 septimo

324 805 582 847 Metaphysicae
600 807 645 843 (2)
672 805 765 846 quod
783 805 816 835 in
834 805 1044 836 habentibus
1070 805 1244 836 materiam
1264 805 1375 837 differt
1391 806 1401 821 ²
1418 806 1590 847 quidditas
1608 813 1641 838 et
1658 808 1790 839 habens

323 862 558 904 quidditatem.
577 862 619 893 Et
636 862 715 894 licet
732 862 931 893 huiusmodi
957 874 1019 893 sua
1037 863 1172 893 realitas⁴
1196 863 1237 893 sit
1262 863 1502 904 inseparabilis
1524 865 1566 895 ab
1592 864 1791 896 huiusmodi

1848 908 1912 934 cod.
1926 908 1951 933 V

323 920 561 952 accidentibus
590 919 749 951 omnibus
783 920 973 951 secundum
1008 920 1123 951 onmia
1151 920 1337 957 individua,
1373 926 1487 952 tamen
1525 925 1527 958 Ι
1565 922 1790 954 essentialiter
1819 943 1984 969 fol-2595&

323 977 457 1008 differt3
474 988 492 1008 a
517 977 668 1008 realitate
693 977 892 1008 huiusmodi
917 977 1167 1016 accidentium3
1194 984 1226 1008 et
1242 977 1320 1009 licet
1337 988 1408 1009 non
1433 979 1624 1010 secundum
1643 990 1720 1011 esse
1738 981 1791 1011 vel

322 1035 465 1073 realiter,
491 1040 605 1066 tamen
631 1035 823 1066 secundum
848 1034 1013 1065 rationem
1041 1040 1074 1066 et
1098 1035 1412 1066 considerationem
1439 1042 1552 1077 potest
1577 1037 1738 1078 separari,
1758 1037 1791 1069 id

323 1098 374 1123 est
391 1097 506 1133 potest
522 1092 663 1135 intelligi
685 1093 877 1123 secundum
896 1102 932 1123 se
950 1092 1148 1123 huiusmodi
1166 1092 1339 1133 quidditas
1356 1094 1409 1124 vel
1427 1104 1504 1124 esse
1529 1094 1791 1135 quidditativurn

322 1160 393 1181 non
418 1149 687 1192 cointelligendo
712 1149 911 1180 huiusmodi
936 1149 1127 1181 accidentia
1156 1150 1208 1181 vel
1238 1161 1315 1181 esse
1340 1150 1536 1182 huiusmodi
1562 1152 1791 1183 accidentium

323 1212 356 1238 et
382 1213 495 1238 cetera
523 1213 559 1238 ut
587 1218 690 1248 supra
722 1207 848 1238 dictum
879 1212 940 1238 est.
966 1207 1092 1238 Verum
1123 1213 1175 1239 est
1207 1207 1307 1238 etiam
1337 1209 1440 1248 quod,
1470 1219 1547 1239 cuin
1573 1209 1793 1241 verificantur

322 1264 520 1306 praedicata
545 1264 741 1296 essentialia
766 1265 808 1295 de
833 1264 958 1295 talibus
983 1270 1103 1305 utpote
1132 1275 1209 1296 cum
1239 1265 1432 1296 verificatur
1456 1267 1560 1297 homo
1586 1267 1639 1298 vel
1668 1267 1793 1298 animal

323 1322 364 1353 de
398 1322 540 1353 Socrate
573 1321 674 1353 etiam
707 1321 884 1360 existente,
921 1332 990 1353 non
1024 1322 1218 1353 verificatur
1247 1323 1289 1353 de
1322 1322 1398 1364 ipso
1430 1323 1562 1355 ratione
1593 1324 1792 1356 huiusmodi

322 1379 553 1410 accidentium
579 1380 640 1410 sed
669 1379 801 1410 ratione
829 1379 1028 1410 huiusmodi
1053 1379 1224 1411 essentiae
1250 1391 1338 1420 quae
1363 1387 1478 1411 tamen
1504 1392 1573 1430 non
1599 1387 1660 1420 est,
1690 1388 1723 1413 et
1751 1394 1793 1414 ex

322 1437 551 1477 consequenti
578 1447 644 1468 nec
676 1443 727 1468 est
760 1437 911 1468 essentia
939 1436 1013 1468 sine
1046 1437 1120 1468 illis.
1149 1437 1251 1469 Unde
1280 1437 1344 1468 ista
1370 1449 1375 1468 t
1414 1438 1576 1469 Socrates
1601 1445 1652 1470 est
1677 1440 1791 1479 homo,

322 1494 398 1525 θεῖ’*
416 1494 530 1535 aliquo
548 1495 652 1526 modo
678 1505 757 1525 vera
782 1505 843 1535 per
866 1505 903 1525 se
928 1494 961 1525 in
987 1500 1151 1535 quantum
1179 1495 1341 1526 Socrates
1360 1501 1411 1526 est
1428 1496 1533 1527 homo
1551 1497 1604 1527 vel
1628 1496 1661 1527 in
1687 1508 1792 1538 quan-

320 1557 392 1582 tum
418 1551 578 1593 importat
600 1552 858 1590 humanitatem,
877 1558 928 1583 est
957 1558 1069 1583 autem
1095 1563 1175 1583 vera
1201 1563 1260 1593 per
1285 1552 1448 1584 accidens
1474 1553 1506 1583 in
1533 1560 1698 1594 quantum
1727 1556 1792 1586 tale

322 1615 497 1650 quantum,
517 1615 549 1640 et
576 1609 625 1640 sic
653 1609 826 1651 signatum
856 1616 889 1640 et
914 1616 1027 1641 cetera
1057 1616 1108 1641 est
1132 1611 1237 1641 homo
1267 1611 1319 1641 vel
1345 1611 1469 1641 animal
1501 1618 1533 1642 et
1562 1618 1684 1643 cetera.

409 1667 488 1698 Non
520 1666 655 1698 videtur
686 1678 769 1709 ergo
803 1678 919 1698 verum
954 1668 1047 1707 quod
1087 1667 1259 1698 essentiae
1296 1678 1406 1699 rerum
1439 1669 1567 1700 habent
1600 1670 1693 1710 quod
1726 1670 1793 1701 sint

321 1724 491 1756 essentiae
509 1724 706 1765 simpliciter
731 1726 773 1755 ab
799 1731 952 1763 aeterno,
971 1725 1017 1755 ita
1034 1725 1127 1765 quod
1146 1725 1227 1756 reali
1245 1725 1411 1757 relatione
1430 1726 1531 1757 etiam
1548 1726 1558 1742 ⁵
1583 1728 1625 1758 ab
1651 1734 1791 1759 aeterno

320 1782 511 1813 referantur
535 1782 577 1813 ad
603 1782 715 1813 Deum
742 1788 778 1813 ut
803 1783 846 1813 ad
873 1793 969 1813 suam
996 1792 1148 1820 causam,
1172 1793 1210 1813 ex
1237 1793 1278 1814 eo
1305 1784 1398 1823 quod
1424 1785 1615 1815 secundum
1641 1785 1792 1816 rationes

321 1839 533 1880 exemplares
566 1839 695 1870 ideales
727 1841 857 1870 habent
890 1851 967 1871 esse
996 1840 1029 1870 in
1060 1840 1175 1871 divina
1207 1840 1419 1883 cognitione,
1445 1841 1524 1882 quia
1556 1852 1597 1873 ex
1625 1843 1691 1874 hoc
1720 1854 1791 1874 non

321 1896 473 1939 arguitur
502 1897 595 1938 quod
629 1897 671 1928 de
705 1897 789 1938 ipsis
806 1897 817 1912 ⁴³
849 1897 891 1928 sit
921 1897 1055 1928 realiter
1088 1904 1120 1928 et
1152 1897 1185 1928 in
1219 1904 1296 1929 actu
1326 1898 1391 1929 nisi
1424 1909 1540 1930 earum
1573 1900 1726 1942 cognitio
1760 1907 1792 1932 et

320 1954 422 1986 etiam
440 1965 555 1985 earum
581 1960 703 1985 natura
727 1954 960 1996 potentialiter
977 1960 1009 1986 et
1026 1955 1211 1986 virtualiter
1236 1955 1268 1986 in
1296 1956 1409 1987 divina
1433 1957 1587 1997 potentia
1605 1964 1638 1989 et
1659 1958 1790 1997 virtute,

321 2018 421 2054 prout
441 2012 516 2053 ipse
541 2012 637 2043 Deus
663 2018 698 2043 ut
723 2012 850 2043 dictum
873 2019 935 2051 est,
954 2018 1005 2043 est
1023 2013 1282 2053 quodammodo
1302 2013 1426 2044 onmia.
1446 2015 1519 2046 Nec
1538 2026 1689 2055 unquam
1710 2015 1791 2047 reali

320 2069 484 2101 relatione
509 2069 676 2101 refertur⁷
699 2076 856 2101 creatura
881 2070 924 2101 ad
950 2070 1062 2101 Deum
1089 2076 1125 2101 ut
1150 2071 1192 2101 ad
1219 2081 1358 2102 causam
1384 2071 1573 2111 formalem,
1600 2072 1665 2103 nisi
1690 2073 1790 2104 etiam

320 2127 487 2158 referatur
514 2127 557 2157 ad
590 2127 701 2168 ipsum
729 2133 765 2158 ut
797 2128 839 2158 ad
869 2138 1008 2159 causam
1038 2127 1253 2163 efficientem,
1272 2128 1359 2159 sicut
1387 2135 1481 2170 patet
1513 2130 1614 2161 etiam
1647 2131 1688 2161 de
1714 2130 1791 2162 idea

321 2185 468 2217 artificis.
498 2185 581 2217 Esto
607 2185 697 2216 enim
726 2185 820 2226 quod
850 2196 929 2216 arca
958 2185 1097 2227 cognita
1127 2186 1318 2217 secundum
1348 2192 1456 2218 totum
1486 2187 1519 2218 id
1547 2189 1639 2228 quod
1668 2194 1728 2225 est,
1758 2194 1791 2220 et

411 2341 418 2354 ¹
433 2340 510 2374 quod
525 2340 554 2366 P.
571 2356 601 2359 ——
621 2341 630 2355 ‘-'
644 2340 772 2366 differret
786 2341 815 2365 P.
832 2356 862 2358 —
878 2341 888 2355 ³
902 2339 1031 2366 differret
1044 2341 1074 2365 P.
1090 2356 1121 2358 ——
1137 2342 1145 2355 ⁴
1161 2349 1214 2366 om.
1229 2341 1258 2366 P.
1279 2357 1310 2359 —
1327 2342 1336 2355 ⁵
1350 2341 1490 2367 relatione
1505 2342 1601 2375 etiam]
1617 2342 1703 2368 etiam
1718 2343 1788 2368 rela-

320 2383 399 2409 tione
414 2384 442 2409 P.
459 2400 490 2402 —
505 2385 515 2398 θ
531 2384 566 2409 de
581 2383 660 2418 ipsis]
676 2383 817 2418 deinceps
832 2384 863 2409 P.
878 2400 910 2402 ⁷
927 2384 934 2398 ⁷
949 2392 964 2408 a
979 2384 1046 2409 add.
1062 2384 1091 2409 P.

408 2509 447 2535 (1)
461 2507 670 2533 Aristotelis
687 2507 728 2532 De
742 2507 854 2535 αιιίιηιι,
869 2508 885 2532 l.
901 2508 950 2537 ΙΙΙ,
966 2516 989 2533 c.
1003 2509 1019 2533 4
1034 2507 1080 2533 «al.
1095 2509 1121 2533 81
1138 2508 1207 2533 ‹vol.
1223 2510 1245 2536 1.
1260 2517 1287 2541 p.
1301 2510 1373 2535 429).
1388 2508 1460 2535 Ἐπεὶ
1474 2509 1564 2536 δ’ἄλλο
1575 2510 1628 2536 ἐστὶ
1638 2511 1667 2536 τὸ
1680 2510 1788 2546 μέγεθος

320 2551 363 2575 καὶ
381 2549 411 2574 τὸ
425 2548 528 2584 μεγέθει
540 2549 602 2575 εἶναι
621 2551 663 2575 καὶ
683 2549 752 2583 ὔδωρ
771 2551 814 2575 καὶ
833 2549 905 2575 ὕδατι
924 2550 994 2575 εἶναι’
1015 2549 1084 2575 οὕτω
1097 2550 1124 2575 δὲ
1138 2551 1181 2576 καὶ
1195 2549 1233 2584 ἐφ’
1248 2550 1343 2584 ἑτέρων
1356 2552 1472 2579 πολλῶν,
1489 2551 1544 2576 ἀλλ’
1559 2550 1606 2577 οὐκ
1620 2551 1661 2577 ἐπὶ
1674 2552 1787 2578 Mirtum·

321 2590 361 2616 ἐπ’
374 2590 446 2616 ἐνίων
459 2591 509 2625 γὰρ
522 2589 615 2616 ταύτόν
629 2590 682 2616 ἐστι
695 2590 724 2616 τὸ
738 2592 815 2624 σαρκὶ
828 2591 890 2616 εἶναι
904 2592 946 2616 καὶ
960 2590 1053 2624 σάρκα·
1073 2590 1088 2622 ἣ
1108 2590 1181 2626 ἄλλῳ
1200 2591 1215 2623 ἢ
1236 2590 1323 2621 ἄλλως
1343 2590 1430 2626 ἔχοντι
1448 2592 1537 2626 κρίνει·
1557 2593 1572 2624 ἡ
1592 2593 1642 2627 γὰρ
1660 2594 1720 2626 σὰρξ
1741 2592 1788 2619 οὐκ

321 2632 380 2659 ἄνευ
392 2637 438 2665 τῆς
451 2633 523 2665 ὕλης,
538 2633 594 2659 ἀλλ’
608 2634 697 2668 ὥσπερ
710 2634 739 2659 τὸ
753 2634 828 2666 σιμὸν
841 2634 900 2659 τάδε
915 2633 940 2659 ἐν
953 2635 1028 2668 τῷδε.
1045 2649 1076 2651 -
1092 2636 1129 2659 ‹2›
1151 2634 1208 2659 Ari
1218 2634 1361 2659 stotelis
1383 2635 1605 2668 illefcts›llysicffl>,
1627 2635 1642 2660 l.
1664 2636 1710 2664 VI,
1729 2644 1752 2661 c.
1773 2638 1789 2661 S

322 2676 368 2703 (al.
383 2676 398 2701 l.
413 2676 476 2705 VH,
490 2686 513 2701 c.
528 2678 564 2704 71,
578 2676 645 2702 (vol.
666 2677 700 2705 II,
722 2686 748 2710 p.
771 2678 802 2702 lO
816 2679 858 2701 34¹.
880 2678 914 2703 Τὸ
933 2678 1024 2703 ὃόῗπαν
1043 2677 1092 2709 ἤδη
1112 2679 1142 2704 τὸ
1161 2679 1259 2704 τοιόνδε
1279 2679 1345 2708 εἶδος
1359 2679 1383 2705 ἐν
1397 2680 1482 2704 ταῖσδε
1496 2683 1550 2709 ταῖς
1563 2680 1636 2712 σαρῖί
1647 2682 1690 2706 καὶ
1704 2681 1788 2709 ὀστοῖς

321 2718 429 2748 καλλιάς
439 2720 482 2744 καὶ
495 2718 638 2752 Σωκράτη.·
652 2720 695 2744 καὶ
708 2718 795 2753 ἕτερον
811 2719 856 2751 μὲν
869 2719 909 2744 διὰ
922 2719 968 2750 τὴν
982 2718 1054 2750 ὕλην.
1070 2718 1145 2753 ἑτέρα
1159 2720 1208 2754 γὰρ
1222 2719 1301 2746 ταύτὸ
1316 2720 1342 2745 δὲ
1356 2724 1394 2754 τῷ
1407 2719 1476 2746 εἴδει·
1491 2719 1591 2752 ἄτομον
1605 2722 1654 2756 γὰρ
1668 2721 1697 2747 τὸ
1710 2722 1787 2751 εἶδος,
