2493 3458
730 458 924 492 QUARTUM
954 458 1250 491 QUODLIBETUM,
1279 459 1314 492 Q.
1344 459 1370 484 ΙΙ
1732 457 1783 485 235

315 547 431 580 dinem
456 558 534 579 esse
559 547 760 579 existentiae
785 548 829 578 ad
858 547 1043 579 essentiam
1073 547 1144 579 sive
1174 548 1217 578 ad
1247 559 1324 579 esse
1354 548 1525 580 essentiae
1550 555 1601 580 est
1627 549 1782 581 diversus

314 606 438 636 modus
459 604 638 653 ponendi.
675 605 763 636 Nam
797 604 936 645 quidam
969 605 1088 636 dicunt
1118 606 1211 646 quod
1249 616 1325 637 esse
1358 606 1493 637 realiter
1529 613 1581 638 est
1613 607 1703 638 aliud
1741 609 1783 638 ab

315 662 476 701 essentia,
513 663 637 694 realem
674 662 963 703 compositionem
997 662 1129 693 faciens
1155 673 1233 694 cuin
1259 663 1344 704 ipsa.
1381 664 1567 704 Nunquam
1592 670 1707 696 tamen
1733 671 1785 697 est

314 731 420 752 unum
449 720 642 762 separabile
667 721 710 751 ab
735 720 812 758 alio,
838 719 884 750 ita
917 720 1010 760 quod
1037 731 1115 751 cum
1140 731 1194 751 res
1219 731 1290 752 non
1323 722 1427 752 habet
1464 732 1542 753 esse
1580 722 1784 754 existentiae

314 788 384 809 non
410 779 514 809 habet
546 788 622 809 esse
655 777 836 809 essentiae.
864 777 960 809 Sicut
986 777 1086 808 etiam
1112 778 1253 809 materia
1278 778 1391 810 differt
1415 790 1433 809 a
1459 779 1579 817 forma,
1605 780 1632 810 si
1669 786 1783 811 tamen

315 835 455 866 materia
481 840 595 866 careat
621 835 714 866 omni
738 835 858 873 forma,
877 835 1070 865 secundum
1096 835 1229 876 aliquos
1252 835 1351 866 etiam
1378 836 1503 867 desinit
1528 848 1606 868 esse
1631 837 1784 868 omnino.

315 912 356 915 —
381 892 449 923 Alii
474 898 587 924 autem
613 892 732 924 dicunt
768 892 862 933 quod
898 893 986 923 haec
1022 898 1100 923 sunt
1137 904 1243 923 unum
1281 899 1313 924 et
1349 893 1438 924 idem
1477 895 1667 925 secundum
1703 906 1784 934 rem,

315 950 378 981 sed
403 950 564 981 differunt
599 950 800 987 intentione7
837 955 870 980 et
902 951 947 981 01)
980 951 1047 981 1106
1073 950 1202 981 faciunt
1234 950 1381 991 aliquam
1419 952 1720 993 compositionem,
1755 959 1787 984 et

317 1018 393 1039 cum
430 1018 484 1039 res
522 1007 750 1049 corrumpitur
786 1008 979 1039 secundum
1021 1018 1098 1039 esse
1139 1007 1341 1039 existentiae
1379 1008 1452 1049 ipsa
1494 1009 1645 1041 essentia
1685 1011 1786 1041 etiam

316 1065 366 1097 sic
391 1065 620 1106 corrumpitur
644 1065 738 1106 quod
764 1075 834 1096 non
860 1070 975 1096 manet
1005 1065 1038 1096 in
1069 1076 1106 1097 se
1132 1065 1207 1107 ipsa
1236 1072 1271 1096 ut
1300 1065 1349 1097 sic
1378 1067 1511 1097 liabens
1540 1067 1680 1108 aliquod
1709 1079 1787 1101 esse

316 1123 408 1154 reale
433 1128 527 1154 extra
551 1123 761 1154 intellectum
789 1123 840 1153 vel
866 1128 959 1154 extra
984 1123 1152 1164 principia
1177 1123 1285 1164 ipsius
1311 1123 1368 1162 rei⁷
1395 1130 1431 1155 ut
1463 1125 1571 1165 possit
1601 1125 1667 1156 dici
1693 1127 1787 1167 quod

316 1180 393 1222 ipsa
432 1180 582 1212 essentia
622 1185 673 1211 est
713 1180 948 1221 praedicando
986 1181 1179 1212 secundum
1219 1180 1393 1214 adiacens.
1434 1188 1548 1213 tamen
1588 1190 1703 1215 manet
1739 1184 1788 1215 sic

316 1238 509 1269 secundum
536 1239 628 1279 quod
654 1237 729 1279 ipsa
754 1244 805 1269 est
837 1238 977 1279 aliquod
1003 1249 1065 1270 ens
1101 1249 1218 1269 verum
1256 1239 1433 1280 pertinens
1459 1241 1502 1271 ad
1534 1251 1650 1272 verum
1676 1252 1788 1283 genus

318 1296 372 1327 vel
408 1295 736 1337 praedicamentum,
772 1302 804 1327 et
839 1297 907 1327 hoc
944 1296 1048 1327 modo
1082 1307 1136 1327 res
1173 1306 1250 1328 cum
1287 1307 1357 1327 non
1395 1303 1446 1328 est
1482 1299 1674 1330 secundum
1711 1310 1789 1332 esse

319 1353 530 1391 existentiae,
571 1359 622 1385 est
660 1360 774 1385 tamen
813 1354 1005 1385 secundum
1039 1364 1117 1385 esse
1157 1353 1340 1389 essentiae,
1382 1360 1414 1385 et
1457 1361 1572 1396 potest
1607 1367 1686 1389 vere
1722 1359 1789 1390 dici

317 1411 393 1442 talis
425 1422 479 1442 res
516 1422 594 1443 vere
630 1422 707 1443 esse
741 1411 934 1442 substantia
972 1412 1025 1442 vel
1069 1411 1194 1442 animal
1228 1412 1281 1443 vel
1306 1411 1514 1451 huiusmodi⁷
1552 1415 1788 1455 praedicando

317 1474 450 1500 tantum
476 1469 650 1500 adiacens.
688 1469 775 1500 Cum
809 1468 900 1500 enim
937 1469 1081 1500 scientia
1107 1480 1177 1500 non
1211 1469 1252 1500 sit
1289 1469 1353 1500 nisi
1391 1470 1519 1502 entium
1556 1477 1589 1503 et
1619 1484 1789 1513 verorum,

319 1532 351 1558 et
393 1527 436 1558 de
476 1527 579 1558 rebus
619 1537 697 1558 cum
737 1537 807 1557 non
841 1526 908 1557 sint
949 1527 1141 1558 secundum
1179 1537 1256 1558 esse
1289 1527 1490 1560 existentiae
1525 1530 1671 1562 habetur
1710 1542 1790 1563 vere

319 1583 464 1616 scientia
490 1585 533 1615 ab
559 1584 731 1615 intellectu
758 1584 855 1615 cuius
875 1584 1047 1616 obiectum
1073 1590 1125 1616 est
1157 1595 1237 1615 vera
1273 1585 1446 1626 quidditas
1483 1592 1515 1617 et
1549 1588 1700 1620 essentIa
1732 1589 1789 1628 rei,

319 1642 362 1673 de
401 1641 525 1673 talibus
566 1652 636 1673 non
684 1647 777 1673 esset
822 1652 902 1674 vere
950 1642 1093 1673 scientia
1140 1642 1206 1673 nisi
1253 1643 1451 1683 praedicata
1498 1645 1695 1677 essentialia
1742 1647 1790 1678 eis

319 1699 595 1731 attribuerentur.
622 1700 724 1731 Unde
759 1700 875 1741 pluvia
899 1710 971 1731 non
997 1699 1165 1731 existente
1200 1700 1306 1731 scitur
1341 1706 1463 1732 natura
1499 1702 1635 1743 pluviae
1661 1710 1697 1735 ut
1720 1705 1791 1736 veri

320 1756 407 1789 entis
448 1768 563 1789 veram
604 1757 829 1798 quidditatem
870 1757 1097 1799 importantis,
1135 1763 1168 1789 et
1206 1768 1286 1789 vere
1323 1758 1446 1790 dicitur
1481 1761 1575 1800 quod
1611 1772 1701 1803 aqua
1741 1769 1793 1794 est

319 1814 436 1857 pluvia
474 1815 632 1857 guttatim
669 1815 809 1847 cadens.
844 1815 885 1846 Et
921 1815 970 1846 sic
1010 1816 1202 1847 secundum
1243 1816 1377 1856 aliquos
1416 1828 1470 1848 res
1506 1817 1630 1850 dicitur
1664 1820 1791 1852 habere

320 1884 397 1905 esse
425 1872 473 1905 rei
497 1873 739 1914 praedicabilis
765 1879 797 1904 et
824 1884 902 1905 esse
927 1876 961 1904 in
986 1884 1115 1915 genere
1140 1874 1333 1905 secundum
1359 1884 1436 1905 esse
1462 1876 1633 1908 essentiae
1663 1883 1695 1909 et
1720 1890 1790 1910 non

320 1941 398 1963 esse
434 1930 648 1962 existentiae.
685 1931 756 1962 Sed
796 1930 879 1962 mihi
913 1931 1049 1962 videtur
1085 1931 1179 1972 quod
1216 1942 1293 1963 esse
1333 1932 1536 1965 existentiae
1573 1939 1606 1965 et
1641 1936 1792 1967 essentia

321 1988 463 2020 omnino
489 1987 556 2019 sint
580 1988 671 2020 idem
697 1989 891 2020 secundum
920 1999 990 2019 rem
1017 1994 1049 2020 et
1075 1988 1237 2020 differunt
1269 1989 1379 2020 solum
1405 1991 1598 2022 secundum
1624 1993 1791 2025 rationem

320 2051 353 2078 et
378 2046 519 2077 modum
544 2046 756 2088 intelligendi
782 2051 815 2077 et
840 2046 1070 2089 significandi,
1095 2057 1142 2077 nu
1175 2047 1178 2087 Ι
1211 2046 1289 2077 llam
1326 2047 1467 2079 omnino
1502 2050 1792 2091 compositionem

320 2103 492 2142 facientia,
509 2103 597 2135 sicut
621 2114 687 2135 nec
712 2114 849 2135 currere
875 2110 909 2136 et
925 2114 1047 2135 cursus
1073 2104 1126 2135 vel
1151 2104 1359 2135 huiusmodi.
1386 2105 1428 2136 Et
1452 2105 1542 2145 ideo,
1568 2107 1601 2138 in
1627 2115 1792 2149 quantum

320 2167 437 2193 manet
483 2172 537 2193 res
585 2162 777 2193 secundum
819 2172 895 2194 esse
943 2161 1115 2193 essentiae
1162 2167 1278 2193 manet
1325 2162 1425 2194 etiam
1474 2165 1667 2197 secundum
1715 2177 1793 2199 esse

322 2218 523 2251 existentiae
554 2224 587 2250 et
611 2230 630 2251 e
658 2230 838 2258 converso,
868 2225 901 2251 et
929 2219 963 2250 in
992 2225 1157 2261 quantum
1194 2219 1393 2262 intelligitur
1421 2221 1464 2252 de
1493 2233 1562 2253 uno
1594 2223 1794 2267 intelligitur

322 2277 365 2308 de
405 2276 471 2308 alio
510 2282 542 2308 et
578 2287 596 2307 e
633 2287 813 2316 converso,
851 2277 1025 2309 intellectu
1063 2277 1207 2319 simplici
1243 2288 1314 2308 non
1346 2285 1579 2320 componente
1616 2282 1709 2322 quod
1742 2288 1794 2314 est

322 2345 400 2366 esse
425 2334 629 2366 diminutum
648 2335 840 2366 secundum
870 2335 963 2376 quod
989 2334 1112 2366 dicitur
1137 2335 1230 2376 quod
1256 2341 1307 2366 est
1332 2346 1402 2366 uno
1428 2337 1532 2368 modo
1558 2340 1793 2379 praedicatum

322 2392 536 2424 accidentale
572 2392 773 2431 accidentis,
815 2392 881 2424 alio
922 2393 1027 2424 modo
1068 2392 1206 2435 generis
1243 2393 1296 2424 vel
1335 2394 1529 2426 essentiale.
1568 2396 1663 2428 Licet
1702 2398 1792 2430 enim

321 2449 548 2492 intelligendo
596 2457 751 2481 naturam
801 2450 955 2482 Socratis
1002 2451 1055 2482 vel
1102 2449 1250 2481 hominis
1294 2452 1487 2482 secundum
1535 2464 1572 2485 se
1618 2454 1793 2487 intellectu

321 2507 551 2549 incomplexo,
580 2518 652 2539 non
682 2507 869 2550 intelligam
900 2518 978 2539 eum
1018 2519 1096 2540 esse
1135 2508 1187 2539 vel
1228 2518 1299 2539 non
1329 2519 1406 2540 esse
1446 2516 1548 2550 prout
1582 2512 1650 2544 hoc
1675 2513 1794 2545 dicunt

322 2570 515 2607 conceptus
555 2556 679 2597 mentis
719 2566 804 2597 tales
851 2565 1017 2597 terminos
1057 2565 1313 2608 coniungentis⁷
1361 2571 1475 2599 tamen
1520 2568 1672 2612 intelligo
1720 2571 1794 2603 eius

323 2622 540 2655 existentiam
566 2633 655 2664 quae
679 2634 750 2655 non
777 2628 829 2655 est
857 2623 922 2654 alia
950 2633 1005 2655 res
1030 2634 1050 2654 a
1078 2634 1140 2655 sua
1166 2623 1336 2661 essentia3
1367 2629 1400 2655 et
1424 2635 1486 2666 pro
1511 2632 1641 2666 quanto
1666 2628 1794 2670 aliquid

323 2686 375 2713 est
402 2691 457 2712 res
487 2681 730 2723 praedicabilis
756 2686 789 2713 et
815 2682 921 2713 habet
949 2692 1026 2713 esse
1058 2681 1091 2712 in
1124 2691 1254 2724 genere
1278 2682 1470 2713 secundum
1502 2694 1579 2716 esse
1612 2687 1793 2729 essentiae,

1848 2046 1913 2072 cod.
1929 2046 1952 2071 V

1816 2081 1863 2108 fol.
1879 2084 1931 2108 *28⁴2
1946 2082 1985 2107 Ra
