2493 3458
671 401 704 425 44
1034 399 1222 426 MAGISTRI
1253 399 1469 426 GODEFRIDI
1500 400 1550 426 DE
1579 400 1775 427 FONTIBUS

671 498 802 530 ponere
834 488 915 520 illud
948 499 1026 521 esse
1058 488 1295 521 substantiam.
1330 489 1464 520 Ponere
1497 499 1581 531 ergo
1614 489 1777 521 accidens
1810 490 1903 531 quod
1936 490 2028 522 dicat
2066 500 2136 522 rem

672 545 770 578 aliam
799 556 819 577 a
849 546 1043 578 substantia
1071 551 1103 578 et
1129 546 1209 577 illud
1239 556 1310 577 non
1340 556 1417 578 esse
1446 545 1478 577 in
1497 546 1592 578 alio¹
1622 552 1658 578 ut
1686 546 1720 578 in
1748 547 1905 579 subiecto
1930 553 1983 579 est
2007 558 2137 589 ponere

671 602 753 634 illud
778 614 855 636 esse
883 604 1109 635 substantiam
1129 609 1161 635 et
1179 603 1342 635 accidens
1367 603 1476 635 simul.
1494 604 1620 636 Nonne
1646 604 1879 646 Philosophus
1897 606 1943 643 (1)
1968 605 2002 637 in
2028 605 2137 647 primo

671 660 757 692 libro
775 671 839 692 suo
858 660 915 702 qui
943 660 1059 702 pueris
1084 661 1117 693 in
1148 660 1316 703 principio
1338 661 1473 704 legitur,
1499 661 1629 693 scilicet
1657 661 1690 693 in
1717 662 2015 703 praedicamentis
2040 662 2138 704 ponit

671 719 762 750 hanc
780 717 983 750 divisionem
1009 729 1070 760 per
1094 718 1289 750 immediata
1315 718 1408 759 quod
1427 728 1545 750 eorum
1571 729 1659 760 quae
1685 725 1774 758 sunt,
1800 719 1970 760 quaedam
1992 719 2025 751 in
2043 720 2138 752 nullo

671 775 829 807 subiecto
861 781 941 807 sunt
969 782 1005 807 ut
1036 776 1141 807 horno
1174 776 1226 807 vel
1260 775 1432 815 Socrates,
1461 775 1526 807 alia
1558 776 1591 808 in
1624 776 1780 808 subiecto
1810 782 1889 808 sunt
1917 788 1988 808 non
2008 776 2019 793 ²
2050 777 2138 809 sicut

671 843 760 874 pars⁷
792 838 825 865 et
857 832 1070 875 impossibile
1099 838 1151 865 est
1179 844 1219 865 ea
1248 844 1325 865 esse
1354 833 1429 865 sine
1458 833 1510 865 his
1530 833 1542 850 ¹³
1573 834 1605 865 in
1635 834 1761 875 quibus
1794 839 1874 865 sunt
1903 840 1939 865 ut
1964 835 2079 866 album
2105 840 2138 866 et

671 889 893 933 grammatica
922 896 955 922 et
983 890 1190 929 huiusmodi,
1224 896 1257 923 et
1285 902 1403 932 parum
1437 897 1515 933 post
1548 891 1645 932 ponit
1673 891 1772 923 aliam
1802 891 2006 923 divisionem
2036 891 2137 924 etiarn

671 947 759 979 entis
787 947 821 979 in
854 947 1028 979 communi
1061 948 1126 979 iarn
1158 948 1236 980 sic*

1269 948 1367 979 divisi
1383 948 1404 986 ⁶,
1433 948 1554 980 dicens
1579 952 1650 985 (fflt
1681 959 1798 980 eorum
1829 960 1917 990 quae
1946 950 2137 981 secundum

670 1005 798 1036 nullam
832 1005 1107 1047 complexionem
1134 1005 1304 1044 dicuntur,
1329 1005 1503 1048 singulum
1536 1012 1594 1037 aut
1621 1006 1847 1037 substantiam
1881 1006 2053 1048 significat
2082 1013 2139 1038 aut

671 1062 894 1104 quantitatem
920 1068 978 1094 aut
1003 1062 1198 1104 qualitatem
1225 1069 1282 1094 aut
1307 1064 1349 1094 ad
1375 1063 1502 1104 aliquid
1528 1069 1561 1095 et
1586 1064 1726 1095 cetera?

759 1119 847 1152 Cum
880 1130 963 1163 ergo
995 1131 1127 1152 summe
1161 1120 1301 1153 difficile
1336 1120 1376 1152 sit
1411 1121 1601 1162 intelligere
1634 1121 1727 1161 quod
1762 1121 1933 1162 quantitas
1965 1127 1998 1153 et
2031 1122 2139 1163 quod-

671 1187 818 1219 cumque
843 1177 1006 1210 accidens
1031 1177 1064 1209 in
1089 1184 1308 1210 sacramento
1333 1178 1447 1210 altaris
1466 1178 1498 1209 in
1517 1178 1639 1209 virtute
1657 1178 1773 1209 divina
1799 1184 1912 1220 potest
1936 1189 2014 1211 esse
2039 1179 2113 1211 sine
2128 1178 2140 1195 ⁶

671 1234 838 1273 subiecto,
859 1235 1011 1267 mirabile
1037 1241 1088 1267 est
1113 1236 1205 1276 quod
1231 1235 1352 1276 aliquis
1378 1236 1562 1277 theologus
1589 1236 1691 1267 audet
1717 1235 1831 1268 dicere
1856 1236 1948 1277 quod
1975 1236 2138 1268 accidens

670 1293 760 1324 reale
784 1303 901 1324 verum
927 1298 959 1324 et
984 1292 1083 1324 aliam
1113 1303 1183 1324 rem
1209 1293 1328 1325 dicens
1354 1304 1455 1334 quam
1483 1293 1675 1324 substantia
1700 1294 1751 1324 vel
1777 1294 2021 1335 quodcumque
2046 1294 2137 1325 aliud

670 1350 834 1382 accidens
859 1351 1050 1382 secundum
1077 1357 1232 1382 naturam
1259 1350 1368 1392 possit
1394 1362 1472 1382 esse
1497 1351 1571 1382 sine
1590 1350 1600 1366 ⁷
1624 1351 1792 1382 subiecto.
1812 1350 1848 1383 Si
1874 1357 1987 1383 autem
2006 1351 2140 1383 dicatur

669 1408 763 1449 quod
788 1408 854 1440 tale
880 1407 1043 1440 accidens
1068 1414 1120 1440 est
1145 1408 1273 1445 relatio,
1303 1408 1392 1439 idem
1423 1408 1674 1440 inconveniens
1700 1415 1751 1440 est
1776 1409 1819 1440 de
1849 1408 2015 1441 relatione
2044 1409 2137 1451 quod

669 1465 712 1497 de
730 1465 796 1497 alio
821 1465 1011 1503 accidente,
1037 1465 1116 1507 quia
1145 1465 1260 1507 posito
1279 1467 1290 1480 ‘⁴
1314 1466 1406 1507 quod
1433 1476 1502 1497 non
1529 1466 1654 1497 habeat
1683 1465 1782 1497 aliam
1809 1466 1994 1498 realitatem
2020 1478 2039 1497 a
2064 1467 2139 1498 sun·

669 1522 832 1555 damento
861 1533 926 1555 nec
955 1523 1046 1554 aliud
1076 1523 1239 1555 accidens
1265 1529 1326 1560 est,
1352 1523 1413 1555 sed
1443 1534 1509 1555 nec
1542 1523 1633 1554 aliud
1666 1523 1780 1555 inesse
1813 1524 1918 1555 habet
1950 1534 2014 1556 nec
2047 1534 2138 1556 com—

669 1580 877 1622 positionem
897 1580 908 1597 ⁹
932 1580 1022 1613 facit.
1042 1581 1160 1613 Posito
1185 1587 1297 1612 autem
1317 1581 1409 1622 quod
1428 1581 1575 1622 aliquam
1595 1581 1838 1623 proprietatem
1863 1582 1986 1613 realem
2012 1582 2139 1614 habeat

669 1643 702 1669 et
730 1638 832 1670 faciat
860 1648 938 1670 cum
967 1639 1160 1671 substantia
1189 1645 1222 1670 et
1251 1639 1324 1670 eius
1353 1639 1420 1670 alio
1450 1638 1630 1670 accidente
1660 1639 1910 1671 multitudinem
1943 1639 2017 1671 sine
2047 1650 2138 1671 com-

669 1695 841 1737 positione
863 1695 887 1712 ¹⁰
915 1701 947 1728 et
980 1695 1193 1728 inhaerentia
1222 1696 1310 1728 sicut
1343 1696 1470 1737 aliquid
1504 1696 1671 1728 assistens
1704 1703 1737 1728 et
1765 1697 1956 1728 secundum
1989 1708 2027 1728 se
2060 1698 2138 1728 sub-

669 1753 805 1792 sistens,
831 1759 1022 1795 sequuntur
1046 1753 1327 1786 inconvenientia
1353 1753 1493 1785 infinita.

757 1811 904 1853 Explicit
929 1811 1074 1853 primum
1101 1811 1278 1853 quodlibet
1303 1811 1495 1843 Godefridi.
1523 1811 1644 1853 lncipit
1669 1811 1760 1842 aliud
1784 1812 1815 1842 ¹¹.

759 1954 766 1968 ¹
787 1953 883 1988 aliquo
904 1953 936 1979 V.
951 1969 982 1972 -
999 1953 1009 1968 ‘³
1021 1962 1074 1979 nec
1096 1953 1124 1978 P.
1140 1969 1171 1972 —
1193 1954 1203 1968 ³
1217 1953 1272 1979 illis
1293 1953 1322 1979 P.
1338 1968 1366 1971 —
1387 1955 1393 1968 ⁸
1408 1962 1462 1978 mn.
1485 1953 1512 1978 P.
1529 1969 1559 1971 —
1577 1954 1586 1967 ³
1599 1953 1640 1978 sic
1665 1953 1732 1978 add.
1749 1953 1777 1978 P.
1794 1969 1825 1972 —
1841 1954 1851 1967 ⁶
1865 1962 1919 1979 om.
1941 1953 1970 1979 P.
1987 1970 2017 1973 r*
2037 1955 2043 1968 ⁷
2058 1954 2084 1980 in
2107 1955 2137 1980 Ρ.

669 2013 700 2016 -
722 1998 732 2012 Β
745 1996 897 2031 proposito
912 1997 940 2022 P.
956 2013 986 2015 —
1002 1998 1013 2011 ⁹
1033 1996 1232 2031 operationem
1255 1997 1283 2022 P.
1301 2014 1320 2015 m
1356 1999 1375 2011 ¹”
1389 1996 1559 2031 operatione
1579 1997 1607 2022 1³.
1679 1998 1696 2011 ¹¹
1719 1997 1842 2031 Explicit
1861 2013 1891 2016 —
1907 1997 1995 2031 aliudl
2013 1997 2136 2032 Explicit

669 2039 824 2066 Godefridi
838 2040 997 2075 quodlibet.
1012 2040 1116 2075 Incipit
1130 2040 1276 2066 secundus
1292 2040 1324 2066 V.

727 2143 730 2147 ”
757 2143 795 2174 (1)
810 2141 1020 2168 Aristotelis
1035 2142 1276 2177 Categoriarum,
1290 2144 1339 2168 c.‘2
1355 2143 1482 2177 [vol.l,p.
1492 2144 1526 2171 l).
1541 2146 1597 2170 Τῶν
1611 2143 1692 2170 ὄντων
1706 2145 1737 2170 τὰ
1751 2144 1797 2175 μὲν
1810 2144 1868 2170 καθ’
1881 2143 2056 2176 ὑποκειμένου
2069 2145 2135 2174 τινὸς

667 2182 780 2219 λέγεται,
804 2183 830 2210 ἐν
853 2183 1019 2217 ὑποκειμένω
1043 2183 1070 2210 δὲ
1093 2184 1178 2211 ουδενί
1201 2183 1276 2212 ἐστιν.
1299 2185 1353 2211 οἷον
1375 2183 1512 2218 ἅνθρωπος
1533 2186 1590 2210 καθ’
1612 2184 1787 2217 ὑποκειμένου
1810 2185 1856 2217 μὲν
1877 2184 1981 2220 λέγεται
2001 2189 2047 2211 τοῦ
2068 2186 2136 2215 τινὸς

667 2223 816 2259 ἀνθρώπου,
830 2224 855 2251 ἐν
868 2224 1034 2260 ὑποκειμένῳ
1047 2225 1074 2251 δὲ
1087 2224 1171 2251 οὐδενί
1184 2225 1246 2251 ἐστι·
1261 2226 1292 2251 τὰ
1305 2226 1332 2252 δὲ
1345 2225 1370 2251 ἐν
1383 2225 1550 2260 ὑποκειμένῳ
1570 2225 1615 2257 μέν
1635 2225 1696 2254 ἐστι.
1717 2227 1774 2252 καθ’
1793 2226 1968 2258 ὑποκειμένου
1987 2226 2014 2252 δὲ
2032 2225 2135 2256 οὐδενὸς

667 2264 771 2301 λέγεται
787 2265 823 2297 (ἐν
841 2265 1008 2301 ὑποκειμένῳ
1021 2266 1048 2292 δὲ
1061 2265 1140 2301 λέγω.
1155 2269 1169 2292 ὃ
1182 2265 1207 2292 ἔν
1220 2276 1267 2292 τινι
1282 2267 1317 2298 μὴ
1331 2267 1366 2296 ὡς
1381 2265 1460 2300 μέρος
1474 2266 1593 2301 ὕπαρχον
1608 2267 1732 2293 ἀδύνατον
1745 2268 1828 2301 χωρὶς
1841 2267 1904 2293 εἶναι
1917 2270 1962 2293 τοῦ
1975 2267 2001 2293 ἐν
2013 2267 2035 2301 ᾦ
2048 2267 2134 2296 ἐστίν).

666 2307 720 2332 οἷον
739 2307 754 2339 ἡ
775 2307 813 2336 τὶς
831 2307 1003 2342 γραμματικὴ
1022 2306 1048 2333 ἐν
1066 2307 1232 2341 ὑποκειμένῳ
1252 2306 1298 2340 μέν
1317 2307 1370 2333 ἐστι
1389 2311 1420 2342 τῇ
1440 2309 1522 2342 ψυχῇ,
1546 2308 1602 2333 καθ’
1624 2307 1799 2340 ὒποκειμένηυ
1821 2308 1841 2333 δ’
1861 2306 1964 2337 οὐδενὸς
1983 2307 2087 2342 λέγεται

667 2364 698 2367 ——-
724 2350 762 2381 (2)
786 2348 870 2381 Ibid.‚
893 2357 916 2375 c.
935 2350 960 2375 4.
981 2350 1037 2374 Τῶν
1062 2347 1129 2374 κατά
1152 2348 1281 2381 μηδεμίαν
1306 2349 1462 2380 συμπλοκὴν
1486 2348 1635 2383 λεγομένων
1661 2349 1769 2374 ἕκαστον
1791 2347 1848 2379 ἦτοι
1869 2347 1956 2374 ‹saiz-1
1978 2349 2097 2381 σημαίνει
2118 2351 2133 2382 ’ἢ

666 2391 747 2417 ποσὸν
761 2390 776 2423 ἢ
789 2391 863 2417 ποιὸν
877 2390 892 2423 ἢ
905 2391 971 2426 πρός
984 2401 1007 2418 τι
1020 2391 1035 2424 ἢ
1049 2395 1100 2417 ποῦ
1113 2391 1128 2423 ἢ
1141 2392 1206 2417 ποτὲ
1220 2392 1235 2424 ἢ
1249 2395 1348 2418 κεῖσθαι
1362 2392 1376 2423 ἢ
1392 2389 1460 2426 ἔχειν
1474 2392 1489 2423 ἢ
1504 2397 1586 2418 ποιεῖν
1601 2392 1615 2424 ’ἦ
1629 2393 1749 2427 πάσχειν.
