2493 3458
722 413 871 439 PRIMUM
903 413 1198 446 QUODLIBETUM,
1231 414 1265 447 Q.
1295 414 1375 438 XVII
1749 416 1782 439 39

405 503 476 535 Sed
494 503 573 544 quia
598 513 680 533 usus
705 507 893 543 perpetuus
911 502 1045 533 videtur
1062 502 1159 533 inniti
1177 502 1277 534 alicui
1295 502 1357 533 iuri
1376 502 1476 533 etiam
1502 509 1680 543 perpetuo,
1699 503 1781 534 ulte—

316 560 385 591 rius
414 559 633 602 distinguitur
661 560 754 600 quod
786 559 941 590 decimae
970 559 1098 600 duplici
1126 559 1199 591 iure
1231 560 1400 591 debentur
1432 559 1620 598 Ecclesiae,
1649 559 1781 591 ratione

316 617 422 649 divini
447 616 605 658 obsequii
629 617 663 648 in
689 627 729 648 ea
753 616 916 658 praestiti,
942 627 1010 657 quo
1029 617 1278 648 seminantibus
1304 616 1489 658 spiritualia
1508 617 1676 647 debentur
1700 622 1781 648 tem-

316 675 457 717 poralia,
476 675 569 716 quod
588 674 631 705 ad
656 668 751 705 solos
777 672 956 705 Ecclesiae
975 675 1147 715 praelatos
1165 685 1226 715 per
1243 677 1280 705 s‘e
1299 680 1331 705 et
1348 673 1419 705 suis
1438 674 1598 705 ministris
1617 675 1782 715 competit

316 732 426 773 (tertia
455 732 585 763 decima
604 732 621 770 ¹,
655 731 860 772 quaestione
889 731 1007 772 prima,
1041 731 1191 772 capitulo
1224 731 1287 762 His
1316 731 1385 767 ita3
1420 731 1522 762 Extra
1552 732 1594 763 de
1627 732 1780 770 decimis,

316 790 453 822 Novum
478 795 511 821 et
536 789 685 831 capitulo
710 789 784 820 Tua
810 788 924 823 nobis)
943 791 998 827 (1),
1026 794 1058 820 et
1078 790 1145 820 hoc
1170 789 1222 820 ius
1247 789 1461 830 percipiendi
1478 788 1488 805 ‘²
1513 789 1665 821 decimas
1690 800 1782 820 mere

316 847 491 889 spirituale
520 852 571 878 est
603 857 668 878 nec
701 852 816 887 potest
844 846 969 877 cadere
999 846 1031 877 in
1064 846 1196 877 laicum.
1230 847 1312 877 Item
1346 847 1516 878 debentur
1548 846 1614 877 alio
1644 846 1715 878 iure
1748 847 1781 877 in

315 904 453 947 signum
479 903 704 936 subiectionis
732 909 764 935 et
793 903 935 934 dominii
964 903 1111 940 (decima
1136 909 1242 941 sexta⁷
1273 903 1475 945 quaestione
1500 905 1630 945 prium,
1660 904 1781 935 Rever-

315 961 422 993 timini
448 967 481 993 et
509 961 659 1003 capitulo
689 961 867 996 Decimae)
886 964 942 1001 (2).
972 961 1050 992 Hoc
1075 967 1190 993 tamen
1228 963 1230 1001 l
1267 961 1319 992 ius
1347 972 1418 993 non
1448 966 1500 993 est
1530 961 1576 993 ita
1607 961 1782 1003 spirituale

316 1024 353 1050 ut
376 1019 533 1061 primum,
566 1019 670 1050 immo
696 1018 794 1060 quasi
827 1018 925 1050 civile
954 1024 987 1050 et
1012 1019 1137 1050 cadere
1170 1024 1285 1060 potest
1309 1019 1343 1050 in
1376 1019 1500 1051 laicum
1533 1020 1651 1051 saltem
1678 1030 1783 1060 quan-

316 1082 386 1108 tum
412 1077 455 1107 ad
480 1077 652 1108 fructuum
671 1076 941 1118 perceptionem.
961 1076 1058 1108 Sicut
1082 1087 1166 1119 ergo
1196 1087 1250 1108 res
1275 1076 1416 1108 nomine
1441 1076 1596 1108 decimae
1621 1082 1783 1118 acceptas

316 1139 431 1176 potest
456 1133 604 1166 ecclesia
640 1133 739 1165 alicui
775 1134 864 1165 laico
894 1134 1038 1172 tradere,
1072 1134 1117 1165 ita
1152 1134 1252 1165 etiam
1287 1140 1403 1175 potest
1440 1134 1488 1166 eis
1525 1135 1719 1166 concedere
1748 1140 1784 1166 ut

315 1191 467 1224 decimas
492 1191 558 1233 ipsi
583 1191 764 1233 accipiant7
790 1191 862 1223 iure
880 1197 995 1223 tamen
1012 1191 1192 1233 principali
1215 1192 1409 1233 accipiendi
1435 1192 1596 1223 ministris
1614 1192 1783 1224 ecclesiae

315 1255 451 1281 servato
477 1249 549 1281 sive
574 1260 637 1290 pro
662 1249 870 1281 necessitate
896 1249 1066 1281 ecclesiae
1092 1249 1163 1281 sive
1193 1250 1236 1280 ad
1261 1249 1548 1281 sustentationem
1580 1261 1782 1291 pauperum,

315 1313 351 1338 ut
369 1307 575 1348 quibusdam
601 1307 782 1349 religiosis,
800 1306 896 1337 laicis
921 1307 973 1338 vel
999 1307 1100 1338 etiam
1119 1318 1234 1338 curam
1254 1307 1442 1338 animarum
1468 1318 1538 1338 non
1564 1307 1781 1339 habentibus.

869 1542 1108 1582 QUAEsno
1135 1543 1237 1574 xvii.

322 1654 463 1692 Utrum
478 1654 687 1702 principes
707 1656 742 1690 et
764 1656 976 1701 potestates
995 1654 1223 1690 saeculares
1247 1655 1301 1690 ad
1323 1655 1557 1691 mandatum
1581 1655 1784 1691 Ecclesiae

368 1723 579 1757 teneantur
598 1733 774 1756 coercere
794 1723 829 1756 et
843 1720 992 1768 punire
1012 1720 1172 1756 brachio
1192 1721 1395 1757 saeculari
1411 1721 1451 1757 in
1468 1722 1783 1758 excomnmnica-

368 1787 471 1823 tione
486 1790 767 1835 permanentes
782 1790 857 1835 per
877 1800 1031 1822 <mnam
1053 1790 1088 1823 et
1107 1787 1235 1823 claves
1258 1787 1461 1823 Ecclesiae
1485 1791 1782 1825 contemnentes.

403 1937 529 1969 Postea
560 1937 651 1968 circa
684 1936 858 1978 principes
891 1943 924 1968 et
962 1942 1150 1978 potestates
1183 1938 1379 1969 saeculares
1416 1939 1671 1979 quaerebantur
1703 1939 1782 1969 duo.

314 1994 465 2026 Primum
494 2000 545 2026 est
573 2000 685 2026 utrum
711 1995 754 2026 ad
780 1995 980 2026 mandatum
1006 1995 1183 2026 Ecclesiae
1209 2001 1391 2027 teneantur
1420 2006 1581 2028 coercere
1604 2002 1637 2028 et
1661 1996 1783 2037 punire

313 2052 456 2084 brachio
474 2052 643 2084 saeculari
660 2052 693 2083 in
720 2052 1078 2084 excommunicatione
1103 2058 1347 2093 permanentes
1372 2064 1434 2094 per
1458 2064 1586 2085 annum
1611 2060 1644 2085 et
1668 2055 1783 2085 claves

314 2109 490 2142 Ecclesiae
539 2115 814 2141 contemnentes.
855 2110 898 2141 Et
945 2110 1154 2152 arguebatur
1204 2111 1297 2151 quod
1347 2116 1538 2152 potestates
1587 2112 1783 2143 saeculares

313 2172 496 2199 teneantur
524 2167 567 2199 ad
593 2168 794 2199 mandatum
819 2167 998 2199 Ecclesiae
1023 2171 1186 2199 coercere
1203 2168 1403 2200 huiusmodi
1427 2169 1606 2201 Ecclesiae
1631 2175 1782 2201 contem-

314 2230 440 2266 ptores,
471 2225 550 2266 quia
575 2225 656 2257 dicit
680 2225 832 2257 Isidorus
850 2227 895 2265 (ὃ)
926 2226 968 2257 de
994 2236 1129 2257 summo
1158 2226 1263 2265 bono,
1289 2226 1439 2267 capitulo
1468 2227 1589 2268 primo,
1615 2228 1782 2266 secundo,

404 2350 412 2364 ¹
427 2348 577 2383 trigesima
592 2349 654 2374 PV.
670 2364 703 2367 —
717 2349 727 2363 ‘³
740 2349 934 2384 participandi
951 2349 980 2375 P.

403 2439 441 2469 (1)
456 2438 472 2473 ξ
487 2440 509 2464 l.
524 2437 591 2463 dict.
607 2437 687 2463 Grat⁴
700 2442 767 2472 post
782 2446 805 2463 c.
816 2446 863 2463 un.
878 2437 909 2463 C.
925 2438 1002 2463 XIII.
1017 2446 1063 2472 qu.
1079 2440 1105 2467 1;
1121 2446 1144 2463 c.
1154 2440 1178 2464 ⁴2.
1190 2440 1232 2464 26.
1243 2438 1277 2464 X.
1290 2438 1325 2464 de
1338 2439 1442 2464 decim.
1455 2439 1646 2472 111.30.a(=2)
1659 2441 1784 2467 c.65.66.

315 2481 430 2508 CXVI.
441 2490 486 2516 qu.
500 2483 522 2507 1.
534 2497 566 2500 —
579 2483 616 2511 (3)
639 2480 768 2507 Isidori
789 2481 1016 2516 Hispalensis
1038 2482 1261 2507 Sententiarum
1274 2482 1318 2515 [al.
1331 2483 1365 2508 de.
1380 2482 1502 2508 Smnmo
1516 2483 1617 2516 Bono]‚
1628 2483 1645 2509 l.
1657 2484 1706 2516 ΙΙΙ,
1718 2493 1741 2510 c.
1751 2485 1782 2510 51

315 2525 371 2557 (ed.
386 2525 493 2560 Migne,
507 2525 536 2550 P.
552 2525 591 2557 L.,
606 2525 662 2550 vol.
675 2526 716 2556 83,
735 2525 789 2551 col.
806 2526 877 2551 7⁶23).
895 2524 1054 2551 «Ceterum
1070 2525 1143 2550 intra
1158 2525 1320 2551 Ecclesiam
1341 2530 1502 2560 potestates
1522 2527 1706 2553 necessariae
1727 2536 1783 2553 non

315 2573 413 2595 essent
432 2568 486 2595 nisi
501 2572 540 2601 ut,
555 2568 633 2603 quod
647 2577 704 2594 non
718 2568 869 2603 praevalet
883 2569 1021 2594 sacerdos
1035 2569 1153 2594 efficere
1168 2578 1219 2603 per
1233 2569 1383 2595 doctrinae
1397 2578 1569 2601 sermonem,
1584 2575 1715 2605 potestas
1729 2571 1783 2597 hoc

314 2612 437 2646 imperet
456 2621 509 2647 per
529 2612 701 2647 disciplinae
722 2616 861 2638 terrorem
881 2624 899 2637 ιν.
921 2612 1006 2645 Quae
1029 2612 1221 2646 (Jr'odefridus,
1246 2615 1279 2637 nt
1300 2613 1393 2638 locum
1417 2613 1562 2643 describit,
1582 2623 1616 2639 ex
1635 2614 1785 2648 aliquibus

314 2656 495 2681 Isz'dorianis
508 2656 663 2690 Excerptis
676 2664 752 2690 quae
765 2658 917 2686 vocantur,
932 2665 1056 2690 quornm
1077 2656 1230 2690 complura
1240 2665 1355 2691 genera
1369 2657 1466 2682 mettin
1487 2659 1582 2683 aetate
1600 2658 1783 2689 exstiterunt,

309 2699 470 2734 protulisse
482 2700 608 2726 videtur.

1841 937 1904 963 cod.
1917 937 1939 963 Ρ

1811 972 1859 998 fol.
1873 974 1922 998 139
1934 973 1974 998 Va
