2493 3458
761 441 934 468 TERTIUM
964 441 1261 475 QUODLIBETUM,
1291 441 1326 475 Q.
1356 441 1396 467 III
1765 443 1813 467 179

343 536 400 561 aut
418 530 579 562 differunt
604 536 639 562 ut
664 530 819 572 potentia
847 531 1039 562 secundum
1058 530 1139 571 quid
1165 536 1200 561 ut
1225 530 1417 562 subiectum
1444 536 1476 562 et
1499 537 1596 562 actus
1621 531 1812 562 secundum

342 589 424 630 quid
442 588 499 629 qui
525 594 575 619 est
602 588 711 619 forma
735 588 971 627 accidentalis,
991 594 1023 619 et
1041 594 1123 620 tunc
1150 599 1228 619 curn
1254 588 1335 619 illud
1354 588 1447 629 quod
1466 588 1515 619 sic
1532 594 1583 619 est
1601 588 1633 619 in
1660 588 1814 629 potentia

342 646 436 688 prius
465 656 535 677 non
566 646 676 677 solum
710 645 843 688 origine
869 646 930 677 sed
964 645 1159 677 actualitate
1188 651 1220 677 et
1249 645 1463 687 perfectione
1491 646 1618 677 habeat
1642 656 1719 677 esse
1738 645 1814 677 sim-

341 703 474 746 pliciter
498 714 600 744 quam
619 703 700 734 illud
719 714 788 744 quo
818 703 993 744 perficitur
1017 703 1066 734 sic
1091 703 1284 735 secundum
1314 703 1396 744 quid
1414 706 1460 743 (et
1489 703 1538 735 sic
1565 703 1666 735 etiam
1692 703 1816 735 dicitur

342 761 436 803 prius
480 760 678 802 simpliciter
713 761 845 802 absque
889 760 1000 801 aliqua
1043 761 1331 792 determinatione
1374 761 1453 792 licet
1492 766 1528 792 ut
1570 766 1621 792 est
1660 760 1814 802 potentia

342 819 535 850 secundum
561 818 642 859 quid
673 818 715 849 sit
750 818 844 859 prius
875 819 986 849 solum
1019 818 1153 861 origine
1182 824 1215 850 et
1252 818 1486 860 imperfectius
1515 818 1707 849 secundum
1733 818 1815 859 quid

343 881 375 908 et
403 875 495 907 aliud
524 875 618 917 prius
647 886 709 917 per
747 878 751 916 l
793 875 942 907 sectione
968 886 1039 907 non
1071 875 1278 917 simpliciter,
1309 876 1371 908 sed
1397 877 1591 908 secundum
1620 876 1702 917 quid
1727 876 1815 907 sicut

342 938 436 975 patet
461 944 538 965 cuni
564 933 600 964 fit
625 933 715 975 ignis
741 933 873 964 calidus
905 938 941 964 ut
970 933 1097 964 dictum
1128 936 1202 971 est)7
1227 953 1265 956 -—
1293 933 1465 965 videretur
1493 934 1588 974 quod
1617 933 1816 974 simpliciter

342 996 516 1022 crearetur
540 991 633 1032 prius
670 991 820 1022 essentia
857 1002 959 1032 quam
992 1001 1069 1022 esse
1089 991 1105 1028 ¹,
1133 991 1221 1022 sicut
1251 991 1451 1032 simpliciter
1486 991 1580 1033 prius
1613 991 1816 1032 producitur

342 1048 432 1091 ignis
457 1048 491 1079 in
509 1059 587 1080 esse
613 1048 703 1091 ignis
728 1059 790 1090 per
813 1048 1075 1091 generationem
1109 1051 1112 1089 Ι
1146 1048 1346 1090 simpliciter
1370 1060 1472 1090 quam
1491 1049 1701 1090 producatur
1726 1049 1815 1091 ignis

342 1106 375 1137 in
407 1116 485 1137 esse
514 1106 615 1137 calidi
647 1117 709 1148 per
740 1106 1001 1148 generationem
1035 1107 1227 1137 secundum
1260 1106 1352 1147 quid.
1379 1125 1418 1130 —
1446 1107 1486 1137 Et
1511 1106 1590 1138 ideo
1622 1107 1813 1138 secundum

341 1163 518 1205 praedicta
553 1163 738 1195 dicendum
776 1169 827 1195 est
860 1164 954 1205 quod
991 1174 1069 1195 cum
1106 1163 1248 1195 omnino
1286 1164 1353 1195 sint
1388 1164 1478 1196 idem
1516 1165 1708 1196 secundum
1745 1175 1815 1195 rem

342 1232 419 1253 esse
452 1226 485 1253 et
517 1221 677 1260 essentia,
704 1232 774 1252 non
805 1227 855 1253 est
880 1221 925 1253 ibi
958 1222 1070 1263 aliqua
1100 1222 1258 1263 prioritas
1284 1221 1376 1253 nec2
1400 1222 1486 1253 ordo
1511 1222 1610 1253 realis
1636 1222 1700 1253 nisi
1728 1222 1815 1253 forte

341 1279 533 1310 secundum
560 1279 728 1311 rationem
754 1285 786 1310 et
812 1280 952 1310 modum
990 1279 1203 1320 intelligendi
1236 1285 1269 1311 et
1298 1279 1529 1322 significandi,
1562 1279 1663 1311 etiam
1695 1280 1722 1310 si
1748 1281 1816 1310 hoc

342 1336 409 1368 dici
434 1336 571 1378 possit³
606 1342 641 1368 ut
670 1337 821 1368 essentia
850 1337 943 1378 prius
977 1343 1028 1369 est
1054 1337 1187 1380 origine
1213 1343 1245 1368 et
1277 1343 1391 1369 cetera
1416 1338 1480 1369 sul)
1511 1338 1643 1369 ratione
1667 1337 1815 1376 habitus.⁷

342 1399 374 1426 et
400 1405 477 1426 esse
502 1394 673 1436 posterius
699 1395 763 1425 sul]
782 1394 914 1426 ratione
937 1400 1034 1426 actus
1053 1400 1085 1426 et
1104 1400 1227 1426 cetera.
1247 1395 1282 1427 Si
1301 1395 1402 1427 etiam
1421 1395 1596 1427 differrent
1614 1395 1815 1432 intentione,

342 1451 435 1494 prius
468 1458 641 1484 crearetur
666 1452 817 1484 essentia
846 1464 947 1493 quam
975 1463 1063 1491 esse,
1100 1453 1188 1484 sicut
1224 1453 1318 1494 prius
1343 1453 1606 1485 fundamentum
1637 1459 1815 1495 respectus

342 1516 378 1541 ut
417 1510 533 1541 album
573 1510 805 1549 similitudine,
845 1511 907 1542 sed
933 1521 973 1541 ex
1007 1511 1073 1542 hoc
1110 1511 1211 1542 etiam
1248 1511 1499 1551 sequerentur⁴
1535 1510 1816 1543 inconvenientia

342 1578 447 1609 supra
472 1567 563 1599 dicta
588 1573 621 1599 et
646 1573 770 1599 cetera.

431 1625 518 1657 Cum
545 1636 629 1668 ergo
656 1625 779 1657 dicitur
814 1626 857 1657 de
890 1626 1061 1668 Dionysio
1096 1627 1191 1667 quod
1224 1632 1303 1658 ante
1329 1626 1443 1658 omnia
1470 1638 1548 1659 esse
1579 1627 1815 1669 praemittitur,

342 1688 376 1715 et
415 1683 457 1715 de
490 1683 576 1715 libro
602 1683 645 1715 de
679 1684 804 1715 Causis
838 1684 931 1725 quod
971 1683 1080 1725 prima
1120 1695 1233 1716 rerum
1270 1690 1462 1716 creatarum
1499 1690 1551 1716 est
1576 1696 1663 1724 esse,
1701 1690 1817 1726 potest

342 1740 485 1784 intelligi
510 1741 703 1773 secundum
729 1741 924 1783 platonicos
950 1747 983 1773 et
1008 1742 1201 1774 secundum
1227 1742 1482 1784 peripateticos.

869 1983 1186 2024 „QUAEsTm
1228 1984 1292 2015 111

987 2074 1167 2105 (LONGA›.

650 2191 790 2228 Utrum
824 2194 972 2228 natura
1002 2192 1188 2241 angelica
1219 2193 1272 2228 sst
1300 2193 1516 2241 composila

713 2271 760 2294 ex
787 2271 879 2294 vera
913 2259 1080 2295 materia
1111 2262 1147 2295 ef
1173 2273 1265 2295 vera
1286 2260 1441 2309 forma.

428 2422 695 2465 Consequenter
734 2423 825 2455 circa
866 2429 1040 2455 creaturas
1081 2423 1113 2454 in
1162 2423 1314 2465 speciali⁷
1349 2425 1604 2465 quaerebantur
1643 2424 1813 2465 quaedam

339 2480 547 2522 pertinentia
579 2482 623 2512 ad
647 2486 804 2512 naturam
839 2492 924 2523 pure
956 2481 1167 2523 spiritualem
1193 2481 1324 2513 scilicet
1354 2481 1559 2524 angelicam,
1585 2487 1619 2513 et
1643 2482 1813 2523 quaedam

340 2538 546 2579 pertinentia
579 2539 622 2570 ad
663 2544 819 2570 naturam
852 2549 893 2570 ex
934 2538 1099 2580 spirituali
1140 2544 1173 2571 et
1213 2538 1385 2581 corporali
1425 2544 1548 2571 natura
1584 2539 1814 2581 compositam

340 2595 471 2628 scilicet
495 2597 691 2628 humanam.

430 2738 537 2772 ¹quam
554 2739 629 2772 esse]
650 2738 728 2773 quod
748 2739 874 2765 essentia
895 2739 924 2765 P.
946 2755 978 2758 Ἀ
999 2740 1008 2754 ‘-'
1022 2748 1079 2765 non
1100 2740 1130 2765 P.
1151 2755 1183 2758 —
1204 2740 1214 2754 ³
1227 2743 1325 2774 potest
1346 2740 1375 2765 P.
1397 2755 1428 2758 ,-
1450 2740 1459 2754 4
1473 2744 1644 2774 sequeretur
1664 2740 1694 2765 P.

1873 869 1936 895 cod.
1951 870 1973 895 P

1838 904 1887 931 fol.
1904 907 1953 931 152
1968 905 2006 930 Rb

1873 1039 1937 1065 cod.
1952 1040 1976 1064 V

1838 1074 1887 1100 fol.
1902 1076 1953 1100 274
1969 1075 2008 1100 Va
