2493 3458
725 423 919 456 QUARTUM
949 424 1245 457 QUODLIBETUM,
1275 425 1310 458 Q.
1340 425 1381 451 ΙΙΙ
1735 428 1786 452 327

316 510 394 544 quod
415 514 459 536 est
479 511 559 536 Deus
579 510 634 536 nisi
654 515 732 536 esset
751 511 893 545 possibile
913 505 982 537 da¹re
1003 512 1129 546 aliquam
1151 516 1313 538 creaturam
1333 522 1365 539 se
1384 513 1541 539 habentem
1562 514 1729 540 immediate
1750 514 1787 540 ad

317 559 411 584 Deum
433 558 507 584 inter
527 567 612 592 quam
643 563 671 584 et
700 560 793 585 Deum
823 568 879 585 non
909 560 1002 594 possit
1025 560 1086 585 dari
1109 560 1246 593 medium,
1268 561 1343 587 sicut
1362 562 1473 587 numeri
1493 571 1551 588 non
1571 563 1732 597 inciperent
1752 563 1788 589 ab

317 607 427 632 unitate
455 607 509 632 nisi
539 611 618 633 esset
647 607 751 641 aliquis
781 616 917 633 numerus
946 608 984 633 ita
1013 608 1181 634 immediate
1209 618 1241 635 se
1270 610 1381 635 habens
1404 610 1441 636 ad
1463 610 1603 636 unitatem
1628 611 1705 645 quod
1731 620 1788 637 non

317 659 418 689 posset
439 655 500 680 dari
522 655 594 681 alius
614 656 735 681 medius.
750 657 828 690 Ergo
848 657 990 690 possibile
1006 661 1050 682 est
1065 657 1134 682 dare
1152 662 1313 683 creaturam
1334 658 1373 684 ita
1393 658 1561 685 immediate
1581 668 1612 685 se
1632 660 1787 686 habentem

317 704 346 729 in
374 703 527 729 nobilitate
554 705 556 737 Ι
584 704 620 730 ad
649 705 743 730 Deum
764 705 841 738 quod
867 714 925 730 non
954 705 1047 739 possit
1067 705 1129 730 dari
1156 705 1241 731 aliam
1268 706 1463 732 nobiliorem¹
1493 711 1522 733 et
1542 708 1736 734 immediatius
1756 717 1788 734 se

317 753 473 778 habentem
489 753 506 783 ²,
535 753 575 778 ita
604 753 682 787 quod
710 753 765 779 iste
795 753 866 779 ordo
893 753 1053 788 accipiatur
1078 763 1136 779 non
1161 755 1320 780 secundum
1344 755 1465 789 produci
1486 756 1513 781 in
1535 760 1601 782 actu
1622 757 1688 791 quia
1708 758 1789 783 Deus

317 804 416 835 potest
436 801 599 835 producere
614 801 700 827 vilem
721 802 800 835 prius
821 806 951 836 tempore
967 810 1052 836 quam
1073 802 1210 834 nobilem,
1226 803 1277 828 sed
1298 804 1457 829 secundum
1477 805 1600 837 gradum
1620 805 1789 832 nobilitatis.

317 849 376 875 Sed
392 850 402 864 ³
421 858 478 875 non
500 854 597 884 potest
618 859 802 884 quacumque
822 850 927 876 virtute
956 850 1019 876 fieri
1047 851 1126 884 quod
1152 851 1228 876 duae
1253 852 1368 886 species
1394 852 1450 878 sint
1470 854 1601 887 aequalis
1621 854 1790 880 nobilitatis.

408 898 521 932 Quarto
537 898 612 924 idem
627 903 708 933 patet
723 908 756 924 ex
773 899 910 924 distantia
931 899 1041 924 infinita
1063 899 1116 924 Dei
1131 904 1159 925 et
1175 904 1325 925 creaturae
1346 900 1396 932 sic,
1418 901 1484 935 quia
1505 902 1528 927 si
1548 902 1614 928 talis
1634 911 1790 937 processus

317 946 345 972 in
372 946 514 972 infinitum
536 951 580 972 est
600 947 757 981 possibilis,
783 947 914 981 sequitur
934 949 1012 982 quod
1034 952 1094 973 tota
1115 948 1288 974 universitas
1316 954 1467 975 creaturae
1487 950 1635 984 possibilis
1662 952 1790 978 includat

317 995 487 1020 infinitatem
520 995 733 1029 perfectionum
773 996 889 1022 realiter
927 996 1128 1022 distinctarum
1146 998 1162 1027 ³,
1200 997 1274 1023 sicut
1307 1006 1322 1023 e
1355 999 1499 1024 contrario
1516 1000 1524 1012 ⁵
1556 999 1636 1025 Deus
1667 1000 1790 1026 includit

316 1043 514 1077 perfectiones
534 1044 660 1069 infinitas
687 1046 689 1074 l
716 1044 803 1070 unite.
825 1045 860 1070 Et
880 1054 914 1070 ex
935 1045 990 1070 hoc
1018 1049 1114 1079 potest
1138 1045 1257 1071 formari
1284 1046 1350 1072 talis
1371 1047 1470 1072 maior.
1491 1047 1521 1072 Si
1548 1048 1614 1073 talis
1634 1057 1790 1082 processus

317 1092 345 1117 in
366 1092 507 1117 infinitum
529 1094 596 1118 est'¹
625 1093 782 1127 possibilis,
808 1093 983 1119 universitas
1013 1098 1163 1119 creaturae
1184 1095 1332 1128 possibilis
1363 1095 1491 1121 existens
1517 1096 1544 1121 in
1571 1101 1667 1122 mente
1691 1097 1790 1123 diviua

316 1144 346 1166 ut
371 1140 519 1166 intellecta
547 1141 684 1175 importat
710 1141 881 1167 intinitatem
903 1142 1124 1176 perfectionum.
1146 1142 1205 1168 Sed
1224 1143 1295 1168 illud
1316 1143 1394 1177 quod
1415 1148 1458 1169 est
1479 1144 1535 1169 tale
1557 1145 1671 1170 videtur
1692 1145 1789 1180 aliquo

318 1189 405 1214 modo
427 1189 585 1223 adaequari
602 1190 610 1203 ἶ
629 1198 683 1215 nec
710 1190 818 1215 distare
844 1199 859 1215 a
882 1191 943 1216 Deo
960 1191 968 1201 *
988 1191 1015 1216 in
1042 1191 1192 1216 infinitum.
1214 1192 1290 1225 Ergo
1311 1196 1372 1217 tota
1393 1192 1597 1218 universalitas
1609 1194 1619 1207 θ
1639 1198 1790 1220 creaturae

316 1237 464 1271 possibilis
485 1246 541 1263 non
570 1237 690 1263 distaret
717 1247 731 1263 a
758 1239 821 1264 Deo
839 1240 858 1252 ¹⁰
884 1238 911 1264 in
932 1239 1073 1264 inlinitum
1093 1241 1110 1254 ¹¹
1132 1239 1210 1273 quod
1231 1244 1275 1265 est
1296 1241 1514 1266 inconveniens.
1535 1242 1613 1274 Ergo
1634 1246 1663 1267 et
1683 1247 1789 1268 cetera.

316 1286 378 1311 Nec
405 1290 500 1311 tamen
533 1295 568 1312 ex
598 1287 640 1312 his
659 1287 677 1301 ¹²
706 1288 836 1321 sequitur
857 1287 1016 1322 potentiam
1047 1288 1101 1313 Dei
1132 1297 1197 1314 esse
1225 1289 1335 1314 finitam
1366 1289 1411 1315 vel
1438 1290 1608 1315 exhaustam
1638 1300 1690 1324 per
1721 1300 1790 1317 suos

316 1334 447 1366 effectus,
480 1335 546 1369 quia
579 1344 725 1370 nunquam
758 1336 880 1361 effectus
913 1336 1094 1368 adaequatur
1125 1346 1231 1363 causae
1263 1337 1291 1362 in
1325 1339 1479 1371 agentibus
1509 1339 1686 1372 aequivocis,
1715 1340 1790 1366 sicut

315 1387 397 1417 patet
418 1383 496 1417 quod
516 1384 595 1409 calor
615 1383 698 1418 ignis,
719 1384 787 1410 dato
810 1385 888 1418 quod
908 1394 965 1410 non
986 1386 1079 1419 possit
1099 1394 1163 1411 esse
1184 1386 1276 1411 maior
1290 1387 1369 1412 calor
1387 1388 1405 1401 ¹³
1431 1396 1475 1415 eo.
1497 1396 1553 1412 non
1575 1392 1670 1413 tamen
1691 1393 1790 1422 potest

317 1430 475 1465 adaequari
497 1431 594 1456 virtuti
615 1431 807 1457 calefac-time
828 1432 907 1458 solis.
929 1432 994 1458 Non
1015 1437 1058 1458 est
1083 1433 1169 1458 etiam
1200 1434 1419 1468 intelligendum
1442 1435 1568 1460 infinitos
1590 1436 1635 1460 vel
1656 1435 1789 1462 diversos

317 1479 425 1513 gradus
459 1488 524 1505 esse
542 1482 559 1494 ²¹
593 1480 621 1505 in
654 1481 716 1506 Deo
749 1481 908 1506 secundum
935 1490 994 1506 reni
1028 1482 1073 1507 vel
1107 1482 1193 1507 etiam
1223 1483 1383 1508 secundum
1416 1484 1558 1509 rationem
1588 1489 1733 1519 sumptam
1754 1495 1789 1511 ex

316 1532 398 1562 parte
425 1528 487 1553 Dei.
521 1529 611 1554 Immo
641 1538 834 1563 unaquaeque
861 1534 992 1555 creatura
1021 1530 1147 1556 imitatur
1174 1535 1264 1556 totam
1286 1532 1442 1557 essentiam
1461 1533 1480 1546 ¹³¹
1508 1532 1562 1558 Dei
1597 1538 1625 1558 et
1655 1533 1789 1560 diversae

316 1581 466 1602 creaturae
482 1577 628 1603 imitantur
648 1586 711 1603 eam
733 1578 929 1604 diversimode
950 1579 1108 1604 secundum
1129 1588 1189 1605 rem
1210 1580 1369 1605 secundum
1385 1581 1462 1614 quod
1483 1581 1618 1607 diversae
1639 1586 1790 1608 creaturae

316 1625 475 1651 secundum
497 1626 628 1652 diversos
655 1626 763 1660 gradus
789 1627 882 1652 reales
911 1627 1004 1659 magis
1031 1636 1063 1653 ac
1081 1629 1101 1642 Μ
1130 1628 1224 1662 magis
1244 1629 1384 1655 recedunt
1410 1638 1462 1663 per
1491 1631 1735 1664 compositionem
1761 1636 1790 1657 et

316 1674 559 1708 potentialitatem
592 1683 607 1700 a
634 1675 820 1709 simplicitate
842 1675 983 1701 dix-inaff.
1016 1676 1051 1702 lit
1084 1685 1118 1702 ex
1136 1678 1154 1691 ¹⁴
1186 1678 1241 1703 hoc
1267 1678 1416 1712 consurgit
1448 1678 1596 1704 distinctio
1628 1680 1788 1706 secundum

315 1723 457 1748 rationem
488 1723 515 1748 in
548 1724 611 1749 Deo
640 1723 790 1750 intellecto
809 1725 827 1739 ¹¹³
856 1724 884 1749 in
904 1724 1074 1750 habitudine
1095 1725 1131 1751 ad
1152 1725 1283 1752 diversas
1313 1732 1469 1752 creaturas.
1496 1727 1561 1753 Non
1583 1732 1698 1761 oportet
1718 1737 1789 1762 ergo

315 1780 426 1806 ponere
455 1772 483 1797 in
503 1772 567 1797 Deo
600 1772 727 1798 infinitos
759 1773 867 1807 gradus
900 1772 1090 1807 perfectionis
1123 1774 1210 1800 modo
1244 1784 1301 1809 quo
1329 1775 1523 1809 imaginantur
1551 1780 1695 1810 ponentes
1724 1786 1790 1811 pro-

316 1828 431 1846 cessum
466 1825 662 1846 creaturarum
682 1821 711 1846 in
737 1821 889 1847 infinitum.
918 1822 978 1847 Sed
1001 1822 1109 1848 sufficit
1124 1823 1145 1837 Ψ)
1174 1831 1283 1857 ponere
1312 1824 1340 1849 in
1367 1825 1430 1850 Deo
1460 1833 1547 1850 unam
1577 1825 1789 1859 perfectionem

315 1868 456 1894 infinitam
477 1873 505 1895 et
525 1869 770 1904 simplicissimam
791 1879 806 1895 a
828 1870 915 1896 finitis
936 1871 1077 1897 creaturis
1099 1871 1296 1898 diversimode
1316 1873 1486 1899 imitabilem
1503 1874 1532 1899 ²¹¹.

406 2493 413 2507 ¹
429 2492 515 2518 aliam
535 2492 720 2526 nobiliorem]
741 2493 798 2519 alia
817 2493 943 2520 robilior
963 2494 994 2520 C.
1015 2510 1048 2513 —
1068 2494 1078 2509 ²
1091 2494 1203 2521 habens
1223 2495 1255 2521 C.
1285 2511 1318 2514 —
1347 2496 1357 2511 ³
1371 2504 1425 2522 om.
1446 2496 1476 2522 P.
1498 2512 1530 2514 —
1560 2498 1568 2511 ¹
1583 2496 1787 2523 distinctorum

315 2535 346 2561 C.
361 2551 394 2554 —
415 2536 425 2550 ⁵
438 2544 581 2562 converso
597 2536 629 2562 C.
650 2552 683 2555 -
703 2537 713 2551 ⁰
727 2541 805 2563 esset
819 2537 849 2564 P.
870 2553 902 2557 —
925 2538 933 2553 ³
947 2538 1011 2563 Deo
1031 2538 1099 2563 add.
1115 2538 1147 2564 C.
1167 2554 1200 2557 -
1222 2539 1231 2553 ⁸
1245 2547 1260 2564 a
1281 2539 1354 2573 Deo]
1376 2540 1412 2565 ab
1433 2548 1467 2565 eo
1484 2539 1515 2566 C.
1537 2555 1569 2558 —
1590 2542 1599 2555 ¹¹
1613 2540 1787 2567 universitas

314 2578 346 2605 C.
367 2594 400 2598 -—
422 2580 442 2594 ¹⁰
455 2587 472 2604 a
491 2579 567 2613 Deo]
588 2588 643 2605 om.
664 2579 696 2606 C.
715 2594 749 2598 —-
769 2581 789 2595 ¹¹
802 2581 915 2607 finitum
935 2581 954 2606 S
975 2581 1007 2606 in
1021 2580 1163 2607 infinitum
1183 2590 1259 2608 corr.
1279 2588 1365 2608 2‘1m.
1380 2583 1408 2609 S.
1430 2599 1462 2601 —
1485 2583 1505 2598 ¹⁸³
1518 2584 1573 2609 hoc
1589 2583 1621 2609 C.
1642 2599 1675 2602 ——
1697 2584 1718 2599 ¹³
1731 2592 1787 2610 om.

315 2622 347 2649 C.
376 2638 409 2641 —
440 2624 459 2638 ¹⁴
473 2623 582 2658 gradus
602 2625 677 2657 esse]
704 2632 770 2650 esse
794 2624 903 2659 gradus
923 2624 954 2651 C.
986 2640 1019 2643 —
1051 2625 1070 2640 ¹⁵
1083 2629 1173 2651 totam
1203 2625 1373 2660 essentiam]
1398 2626 1555 2652 essentiam
1583 2631 1674 2653 totam
1700 2627 1732 2654 C.
1753 2643 1787 2646 —

315 2667 336 2681 ¹⁴³
350 2670 379 2692 et
394 2666 425 2692 C.
446 2682 479 2685 --
501 2667 520 2682 ¹¹
534 2666 590 2693 Dei
605 2666 637 2693 C.
656 2681 689 2685 —
711 2668 731 2683 ’Β
743 2676 803 2693 ras.
824 2668 862 2701 ὃς
882 2668 950 2694 add.
971 2668 1100 2694 2111n.S.
1121 2684 1153 2687 -—
1176 2669 1196 2683 ¹⁹
1209 2669 1374 2695 intellectus
1390 2670 1422 2696 C.
1442 2686 1474 2689 -—
1495 2670 1517 2685 ²⁴¹
1531 2670 1583 2696 sed
1603 2670 1722 2704 sufficit]
1744 2670 1788 2697 bis

314 2710 334 2736 S
364 2726 396 2729 ——
412 2710 432 2725 ²¹
447 2714 475 2736 et
496 2713 593 2736 cetera
614 2711 681 2736 add.
703 2710 735 2737 C.

1846 707 1911 733 cod.
1925 707 1946 732 Ρ

1811 742 1860 767 sol.
1878 744 1927 768 155
1942 743 1981 768 Ra

1845 1047 1909 1073 cod.
1925 1048 1948 1073 C

1824 1083 1834 1107 l‘
1848 1083 1872 1108 ι1.
1884 1085 1918 1108 98
1935 1083 1973 1108 R1·
