<?xml version="1.0" encoding="UTF-8"?>
<!DOCTYPE html PUBLIC "-//W3C//DTD XHTML 1.0 Transitional//EN"
    "http://www.w3.org/TR/xhtml1/DTD/xhtml1-transitional.dtd">
<html xmlns="http://www.w3.org/1999/xhtml" xml:lang="en" lang="en">
 <head>
  <title>
</title>
<meta http-equiv="Content-Type" content="text/html;charset=utf-8" />
  <meta name='ocr-system' content='tesseract 3.04.00' />
  <meta name='ocr-capabilities' content='ocr_page ocr_carea ocr_par ocr_line ocrx_word'/>
</head>
<body>
  <div class='ocr_page' id='page_1' title='image "./lesquatrepremier00godf_0057.png"; bbox 0 0 2493 3458; ppageno 0'>
   <div class='ocr_carea' id='block_1_1' title="bbox 769 416 1816 450">
    <p class='ocr_par' dir='ltr' id='par_1_1' title="bbox 769 416 1816 450">
     <span class='ocr_line' id='line_1_1' title="bbox 769 416 1816 450; baseline -0.003 -7"><span class='ocrx_word' id='word_1_1' title='bbox 769 417 919 443; x_wconf 84' lang='lat' dir='ltr'>PRIMUM</span> <span class='ocrx_word' id='word_1_2' title='bbox 948 416 1244 450; x_wconf 74' lang='lat' dir='ltr'><strong>QUODLIBETUM,</strong></span> <span class='ocrx_word' id='word_1_3' title='bbox 1274 416 1308 449; x_wconf 82' lang='lat' dir='ltr'>Q.</span> <span class='ocrx_word' id='word_1_4' title='bbox 1338 416 1404 441; x_wconf 87' lang='lat' dir='ltr'>XIV</span> <span class='ocrx_word' id='word_1_5' title='bbox 1783 416 1816 440; x_wconf 72' lang='lat'>35</span> 
     </span>
    </p>
   </div>
   <div class='ocr_carea' id='block_1_2' title="bbox 915 636 1266 677">
    <p class='ocr_par' dir='ltr' id='par_1_2' title="bbox 915 636 1266 677">
     <span class='ocr_line' id='line_1_2' title="bbox 915 636 1266 677; baseline -0.003 -9"><span class='ocrx_word' id='word_1_6' title='bbox 915 636 1153 677; x_wconf 74' lang='lat' dir='ltr'><strong>QUAESTIO</strong></span> <span class='ocrx_word' id='word_1_7' title='bbox 1180 637 1266 667; x_wconf 79' lang='lat' dir='ltr'>XIV.</span> 
     </span>
    </p>
   </div>
   <div class='ocr_carea' id='block_1_3' title="bbox 363 747 1820 866">
    <p class='ocr_par' dir='ltr' id='par_1_3' title="bbox 363 747 1820 866">
     <span class='ocr_line' id='line_1_3' title="bbox 363 747 1820 798; baseline -0.003 -10"><span class='ocrx_word' id='word_1_8' title='bbox 363 752 503 789; x_wconf 73' lang='lat' dir='ltr'>Utrum</span> <span class='ocrx_word' id='word_1_9' title='bbox 524 750 642 787; x_wconf 73' lang='lat' dir='ltr'>liceat</span> <span class='ocrx_word' id='word_1_10' title='bbox 660 749 862 798; x_wconf 67' lang='lat' dir='ltr'><em>religiosis</em></span> <span class='ocrx_word' id='word_1_11' title='bbox 883 748 1070 784; x_wconf 72' lang='lat' dir='ltr'>inducere</span> <span class='ocrx_word' id='word_1_12' title='bbox 1093 748 1265 784; x_wconf 60' lang='lat' dir='ltr'>novicios</span> <span class='ocrx_word' id='word_1_13' title='bbox 1284 748 1413 797; x_wconf 74' lang='lat' dir='ltr'>signo,</span> <span class='ocrx_word' id='word_1_14' title='bbox 1437 751 1536 783; x_wconf 48' lang='lat' dir='ltr'>nutu&gt;</span> <span class='ocrx_word' id='word_1_15' title='bbox 1555 747 1614 784; x_wconf 76' lang='lat' dir='ltr'>vel</span> <span class='ocrx_word' id='word_1_16' title='bbox 1633 748 1746 783; x_wconf 72' lang='lat' dir='ltr'>verbo</span> <span class='ocrx_word' id='word_1_17' title='bbox 1767 747 1820 783; x_wconf 79' lang='lat' dir='ltr'>ad</span> 
     </span>
     <span class='ocr_line' id='line_1_4' title="bbox 506 814 1673 866; baseline -0.003 -13"><span class='ocrx_word' id='word_1_18' title='bbox 506 817 578 853; x_wconf 74' lang='lat' dir='ltr'>lzoc</span> <span class='ocrx_word' id='word_1_19' title='bbox 597 816 702 866; x_wconf 74' lang='lat' dir='ltr'>quod</span> <span class='ocrx_word' id='word_1_20' title='bbox 721 818 812 851; x_wconf 67' lang='lat' dir='ltr'>ante</span> <span class='ocrx_word' id='word_1_21' title='bbox 832 814 991 863; x_wconf 70' lang='lat' dir='ltr'>lapsum</span> <span class='ocrx_word' id='word_1_22' title='bbox 1013 814 1114 850; x_wconf 73' lang='lat' dir='ltr'>(mni</span> <span class='ocrx_word' id='word_1_23' title='bbox 1128 814 1378 862; x_wconf 68' lang='lat' dir='ltr'>probalz&#39;onis</span> <span class='ocrx_word' id='word_1_24' title='bbox 1394 814 1673 863; x_wconf 69' lang='lat' dir='ltr'>profiteantur.</span> 
     </span>
    </p>
   </div>
   <div class='ocr_carea' id='block_1_4' title="bbox 353 963 1833 2503">
    <p class='ocr_par' dir='ltr' id='par_1_4' title="bbox 353 963 1825 1408">
     <span class='ocr_line' id='line_1_5' title="bbox 444 963 1820 1005; baseline -0.002 -8"><span class='ocrx_word' id='word_1_25' title='bbox 444 966 570 997; x_wconf 80' lang='lat' dir='ltr'>Postea</span> <span class='ocrx_word' id='word_1_26' title='bbox 588 965 680 996; x_wconf 87' lang='lat' dir='ltr'>circa</span> <span class='ocrx_word' id='word_1_27' title='bbox 697 963 903 1005; x_wconf 70' lang='lat' dir='ltr'>pertinentia</span> <span class='ocrx_word' id='word_1_28' title='bbox 920 964 963 994; x_wconf 87' lang='lat' dir='ltr'>ad</span> <span class='ocrx_word' id='word_1_29' title='bbox 982 964 1151 1004; x_wconf 83' lang='lat' dir='ltr'>quosdam</span> <span class='ocrx_word' id='word_1_30' title='bbox 1169 968 1277 995; x_wconf 87' lang='lat' dir='ltr'>status</span> <span class='ocrx_word' id='word_1_31' title='bbox 1295 963 1472 995; x_wconf 87' lang='lat' dir='ltr'>hominum</span> <span class='ocrx_word' id='word_1_32' title='bbox 1499 963 1694 1005; x_wconf 77' lang='lat' dir='ltr'>specialiter</span> <span class='ocrx_word' id='word_1_33' title='bbox 1718 973 1820 1004; x_wconf 87' lang='lat' dir='ltr'>quae-</span> 
     </span>
     <span class='ocr_line' id='line_1_6' title="bbox 353 1020 1819 1064; baseline -0.003 -9"><span class='ocrx_word' id='word_1_34' title='bbox 353 1025 516 1055; x_wconf 75' lang='lat' dir='ltr'>rebantur</span> <span class='ocrx_word' id='word_1_35' title='bbox 540 1023 710 1064; x_wconf 76' lang='lat' dir='ltr'>quaedam</span> <span class='ocrx_word' id='word_1_36' title='bbox 735 1020 941 1063; x_wconf 81' lang='lat' dir='ltr'>pertinentia</span> <span class='ocrx_word' id='word_1_37' title='bbox 962 1021 1006 1052; x_wconf 90' lang='lat' dir='ltr'>ad</span> <span class='ocrx_word' id='word_1_38' title='bbox 1023 1021 1206 1063; x_wconf 73' lang='lat' dir='ltr'>religiosos</span> <span class='ocrx_word' id='word_1_39' title='bbox 1225 1021 1297 1053; x_wconf 88' lang='lat' dir='ltr'>sive</span> <span class='ocrx_word' id='word_1_40' title='bbox 1314 1021 1499 1063; x_wconf 81' lang='lat' dir='ltr'>regulares.</span> <span class='ocrx_word' id='word_1_41' title='bbox 1519 1021 1561 1052; x_wconf 84' lang='lat' dir='ltr'>Et</span> <span class='ocrx_word' id='word_1_42' title='bbox 1578 1020 1688 1062; x_wconf 91' lang='lat' dir='ltr'>primo</span> <span class='ocrx_word' id='word_1_43' title='bbox 1706 1026 1819 1051; x_wconf 89' lang='lat' dir='ltr'>utrum</span> 
     </span>
     <span class='ocr_line' id='line_1_7' title="bbox 356 1078 1822 1123; baseline -0.003 -10"><span class='ocrx_word' id='word_1_44' title='bbox 356 1081 457 1113; x_wconf 88' lang='lat' dir='ltr'>liceat</span> <span class='ocrx_word' id='word_1_45' title='bbox 473 1079 642 1123; x_wconf 75' lang='lat' dir='ltr'>religiosis</span> <span class='ocrx_word' id='word_1_46' title='bbox 660 1079 824 1111; x_wconf 82' lang='lat' dir='ltr'>inducere</span> <span class='ocrx_word' id='word_1_47' title='bbox 842 1078 1000 1110; x_wconf 86' lang='lat' dir='ltr'>novicios</span> <span class='ocrx_word' id='word_1_48' title='bbox 1027 1078 1140 1120; x_wconf 77' lang='lat' dir='ltr'>signo,</span> <span class='ocrx_word' id='word_1_49' title='bbox 1158 1084 1242 1109; x_wconf 87' lang='lat' dir='ltr'>nutu</span> <span class='ocrx_word' id='word_1_50' title='bbox 1260 1079 1312 1109; x_wconf 89' lang='lat' dir='ltr'>vel</span> <span class='ocrx_word' id='word_1_51' title='bbox 1330 1079 1437 1110; x_wconf 86' lang='lat' dir='ltr'>verbo</span> <span class='ocrx_word' id='word_1_52' title='bbox 1463 1079 1506 1109; x_wconf 88' lang='lat' dir='ltr'>ad</span> <span class='ocrx_word' id='word_1_53' title='bbox 1531 1079 1598 1110; x_wconf 90' lang='lat' dir='ltr'>hoc</span> <span class='ocrx_word' id='word_1_54' title='bbox 1623 1078 1717 1119; x_wconf 89' lang='lat' dir='ltr'>quod</span> <span class='ocrx_word' id='word_1_55' title='bbox 1742 1083 1822 1109; x_wconf 88' lang='lat' dir='ltr'>ante</span> 
     </span>
     <span class='ocr_line' id='line_1_8' title="bbox 356 1135 1823 1180; baseline -0.003 -10"><span class='ocrx_word' id='word_1_56' title='bbox 356 1140 491 1180; x_wconf 89' lang='lat' dir='ltr'>lapsum</span> <span class='ocrx_word' id='word_1_57' title='bbox 516 1137 597 1169; x_wconf 90' lang='lat' dir='ltr'>anni</span> <span class='ocrx_word' id='word_1_58' title='bbox 622 1136 837 1179; x_wconf 88' lang='lat' dir='ltr'>probationis</span> <span class='ocrx_word' id='word_1_59' title='bbox 863 1136 1099 1177; x_wconf 84' lang='lat' dir='ltr'>profiteantur.</span> <span class='ocrx_word' id='word_1_60' title='bbox 1125 1136 1166 1167; x_wconf 83' lang='lat' dir='ltr'>Et</span> <span class='ocrx_word' id='word_1_61' title='bbox 1192 1136 1402 1179; x_wconf 78' lang='lat' dir='ltr'>arguebatur</span> <span class='ocrx_word' id='word_1_62' title='bbox 1426 1136 1518 1176; x_wconf 88' lang='lat' dir='ltr'>quod</span> <span class='ocrx_word' id='word_1_63' title='bbox 1541 1135 1643 1167; x_wconf 88' lang='lat' dir='ltr'>liceat</span> <span class='ocrx_word' id='word_1_64' title='bbox 1659 1135 1823 1167; x_wconf 89' lang='lat' dir='ltr'>inducere</span> 
     </span>
     <span class='ocr_line' id='line_1_9' title="bbox 357 1192 1824 1236; baseline -0.002 -9"><span class='ocrx_word' id='word_1_65' title='bbox 357 1195 515 1228; x_wconf 73' lang='lat' dir='ltr'>novicios</span> <span class='ocrx_word' id='word_1_66' title='bbox 534 1195 577 1226; x_wconf 90' lang='lat' dir='ltr'>ad</span> <span class='ocrx_word' id='word_1_67' title='bbox 595 1195 824 1236; x_wconf 86' lang='lat' dir='ltr'>profitendum</span> <span class='ocrx_word' id='word_1_68' title='bbox 848 1194 935 1224; x_wconf 86' lang='lat' dir='ltr'>infra</span> <span class='ocrx_word' id='word_1_69' title='bbox 960 1204 1089 1224; x_wconf 84' lang='lat' dir='ltr'>annum</span> <span class='ocrx_word' id='word_1_70' title='bbox 1115 1193 1341 1235; x_wconf 86' lang='lat' dir='ltr'>probationis,</span> <span class='ocrx_word' id='word_1_71' title='bbox 1368 1193 1447 1234; x_wconf 86' lang='lat' dir='ltr'>quia</span> <span class='ocrx_word' id='word_1_72' title='bbox 1473 1193 1516 1224; x_wconf 89' lang='lat' dir='ltr'>ad</span> <span class='ocrx_word' id='word_1_73' title='bbox 1541 1192 1575 1224; x_wconf 91' lang='lat' dir='ltr'>id</span> <span class='ocrx_word' id='word_1_74' title='bbox 1600 1193 1693 1234; x_wconf 89' lang='lat' dir='ltr'>quod</span> <span class='ocrx_word' id='word_1_75' title='bbox 1719 1193 1762 1224; x_wconf 89' lang='lat' dir='ltr'>de</span> <span class='ocrx_word' id='word_1_76' title='bbox 1787 1203 1824 1224; x_wconf 91' lang='lat' dir='ltr'>se</span> 
     </span>
     <span class='ocr_line' id='line_1_10' title="bbox 359 1250 1825 1293; baseline -0.003 -8"><span class='ocrx_word' id='word_1_77' title='bbox 359 1259 410 1285; x_wconf 87' lang='lat' dir='ltr'>est</span> <span class='ocrx_word' id='word_1_78' title='bbox 426 1254 557 1285; x_wconf 84' lang='lat' dir='ltr'>bonum</span> <span class='ocrx_word' id='word_1_79' title='bbox 575 1258 609 1284; x_wconf 91' lang='lat' dir='ltr'>et</span> <span class='ocrx_word' id='word_1_80' title='bbox 626 1252 706 1283; x_wconf 91' lang='lat' dir='ltr'>utile</span> <span class='ocrx_word' id='word_1_81' title='bbox 724 1252 803 1283; x_wconf 88' lang='lat' dir='ltr'>licet</span> <span class='ocrx_word' id='word_1_82' title='bbox 819 1251 985 1282; x_wconf 86' lang='lat' dir='ltr'>inducere</span> <span class='ocrx_word' id='word_1_83' title='bbox 1003 1256 1039 1282; x_wconf 88' lang='lat' dir='ltr'>ut</span> <span class='ocrx_word' id='word_1_84' title='bbox 1056 1251 1121 1282; x_wconf 75' lang='lat' dir='ltr'>fiat.</span> <span class='ocrx_word' id='word_1_85' title='bbox 1141 1251 1211 1283; x_wconf 85' lang='lat' dir='ltr'>Sed</span> <span class='ocrx_word' id='word_1_86' title='bbox 1229 1250 1381 1292; x_wconf 84' lang='lat' dir='ltr'>profiteri</span> <span class='ocrx_word' id='word_1_87' title='bbox 1398 1251 1432 1281; x_wconf 90' lang='lat' dir='ltr'>in</span> <span class='ocrx_word' id='word_1_88' title='bbox 1450 1250 1616 1293; x_wconf 67' lang='lat' dir='ltr'>religione</span> <span class='ocrx_word' id='word_1_89' title='bbox 1634 1251 1825 1292; x_wconf 87' lang='lat' dir='ltr'>approbata</span> 
     </span>
     <span class='ocr_line' id='line_1_11' title="bbox 358 1308 1825 1351; baseline -0.002 -9"><span class='ocrx_word' id='word_1_90' title='bbox 358 1317 410 1343; x_wconf 89' lang='lat' dir='ltr'>est</span> <span class='ocrx_word' id='word_1_91' title='bbox 427 1312 557 1342; x_wconf 91' lang='lat' dir='ltr'>bonum</span> <span class='ocrx_word' id='word_1_92' title='bbox 577 1315 608 1341; x_wconf 89' lang='lat' dir='ltr'>et</span> <span class='ocrx_word' id='word_1_93' title='bbox 626 1309 706 1341; x_wconf 90' lang='lat' dir='ltr'>utile</span> <span class='ocrx_word' id='word_1_94' title='bbox 724 1309 862 1341; x_wconf 86' lang='lat' dir='ltr'>facienti</span> <span class='ocrx_word' id='word_1_95' title='bbox 887 1314 923 1340; x_wconf 87' lang='lat' dir='ltr'>ut</span> <span class='ocrx_word' id='word_1_96' title='bbox 948 1309 1037 1339; x_wconf 85' lang='lat' dir='ltr'>mala</span> <span class='ocrx_word' id='word_1_97' title='bbox 1061 1308 1179 1339; x_wconf 85' lang='lat' dir='ltr'>mundi</span> <span class='ocrx_word' id='word_1_98' title='bbox 1205 1308 1318 1340; x_wconf 84' lang='lat' dir='ltr'>evitet.</span> <span class='ocrx_word' id='word_1_99' title='bbox 1345 1308 1438 1351; x_wconf 78' lang='lat' dir='ltr'>Ergo</span> <span class='ocrx_word' id='word_1_100' title='bbox 1465 1308 1565 1339; x_wconf 87' lang='lat' dir='ltr'>etiam</span> <span class='ocrx_word' id='word_1_101' title='bbox 1585 1308 1589 1324; x_wconf 86' lang='lat'>¹</span> <span class='ocrx_word' id='word_1_102' title='bbox 1617 1308 1745 1339; x_wconf 84' lang='lat' dir='ltr'>licitum</span> <span class='ocrx_word' id='word_1_103' title='bbox 1772 1313 1825 1340; x_wconf 89' lang='lat' dir='ltr'>est</span> 
     </span>
     <span class='ocr_line' id='line_1_12' title="bbox 359 1365 1234 1408; baseline -0.005 -8"><span class='ocrx_word' id='word_1_104' title='bbox 359 1369 523 1400; x_wconf 86' lang='lat' dir='ltr'>inducere</span> <span class='ocrx_word' id='word_1_105' title='bbox 542 1367 688 1408; x_wconf 82' lang='lat' dir='ltr'>aliquem</span> <span class='ocrx_word' id='word_1_106' title='bbox 708 1367 751 1398; x_wconf 91' lang='lat' dir='ltr'>ad</span> <span class='ocrx_word' id='word_1_107' title='bbox 768 1368 836 1398; x_wconf 89' lang='lat' dir='ltr'>hoc</span> <span class='ocrx_word' id='word_1_108' title='bbox 854 1372 890 1397; x_wconf 91' lang='lat' dir='ltr'>ut</span> <span class='ocrx_word' id='word_1_109' title='bbox 907 1366 941 1397; x_wconf 91' lang='lat' dir='ltr'>in</span> <span class='ocrx_word' id='word_1_110' title='bbox 959 1365 1149 1397; x_wconf 81' lang='lat' dir='ltr'>continenti</span> <span class='ocrx_word' id='word_1_111' title='bbox 1166 1366 1234 1397; x_wconf 88' lang='lat' dir='ltr'>fiat.</span> 
     </span>
    </p>

    <p class='ocr_par' dir='ltr' id='par_1_5' title="bbox 359 1423 1829 1868">
     <span class='ocr_line' id='line_1_13' title="bbox 448 1423 1825 1466; baseline -0.002 -9"><span class='ocrx_word' id='word_1_112' title='bbox 448 1426 587 1457; x_wconf 86' lang='lat' dir='ltr'>Contra.</span> <span class='ocrx_word' id='word_1_113' title='bbox 626 1424 727 1456; x_wconf 83' lang='lat' dir='ltr'>Extra</span> <span class='ocrx_word' id='word_1_114' title='bbox 764 1425 807 1455; x_wconf 87' lang='lat' dir='ltr'>de</span> <span class='ocrx_word' id='word_1_115' title='bbox 843 1423 1059 1466; x_wconf 81' lang='lat' dir='ltr'>regularibus</span> <span class='ocrx_word' id='word_1_116' title='bbox 1096 1429 1129 1455; x_wconf 89' lang='lat' dir='ltr'>et</span> <span class='ocrx_word' id='word_1_117' title='bbox 1169 1423 1428 1455; x_wconf 85' lang='lat' dir='ltr'>transeuntibus</span> <span class='ocrx_word' id='word_1_118' title='bbox 1469 1423 1512 1454; x_wconf 82' lang='lat' dir='ltr'>ad</span> <span class='ocrx_word' id='word_1_119' title='bbox 1548 1423 1750 1465; x_wconf 75' lang='lat' dir='ltr'>religionem</span> <span class='ocrx_word' id='word_1_120' title='bbox 1780 1424 1825 1463; x_wconf 90' lang='lat'>(1)</span> 
     </span>
     <span class='ocr_line' id='line_1_14' title="bbox 360 1480 1826 1524; baseline -0.003 -9"><span class='ocrx_word' id='word_1_121' title='bbox 360 1483 503 1515; x_wconf 86' lang='lat' dir='ltr'>dicitur:</span> <span class='ocrx_word' id='word_1_122' title='bbox 532 1482 787 1524; x_wconf 85' lang='lat' dir='ltr'>prohibendum</span> <span class='ocrx_word' id='word_1_123' title='bbox 817 1487 868 1513; x_wconf 87' lang='lat' dir='ltr'>est</span> <span class='ocrx_word' id='word_1_124' title='bbox 901 1481 1084 1512; x_wconf 76' lang='lat' dir='ltr'>abbatibus</span> <span class='ocrx_word' id='word_1_125' title='bbox 1113 1491 1157 1512; x_wconf 91' lang='lat' dir='ltr'>ne</span> <span class='ocrx_word' id='word_1_126' title='bbox 1191 1481 1319 1522; x_wconf 87' lang='lat' dir='ltr'>passim</span> <span class='ocrx_word' id='word_1_127' title='bbox 1345 1486 1424 1512; x_wconf 89' lang='lat' dir='ltr'>ante</span> <span class='ocrx_word' id='word_1_128' title='bbox 1449 1486 1585 1522; x_wconf 89' lang='lat' dir='ltr'>tempus</span> <span class='ocrx_word' id='word_1_129' title='bbox 1610 1480 1826 1522; x_wconf 88' lang='lat' dir='ltr'>probationis</span> 
     </span>
     <span class='ocr_line' id='line_1_15' title="bbox 360 1537 1827 1582; baseline -0.002 -10"><span class='ocrx_word' id='word_1_130' title='bbox 360 1541 531 1582; x_wconf 88' lang='lat' dir='ltr'>quoslibet</span> <span class='ocrx_word' id='word_1_131' title='bbox 556 1540 599 1571; x_wconf 89' lang='lat' dir='ltr'>ad</span> <span class='ocrx_word' id='word_1_132' title='bbox 616 1539 869 1581; x_wconf 83' lang='lat' dir='ltr'>professionem</span> <span class='ocrx_word' id='word_1_133' title='bbox 887 1538 1096 1580; x_wconf 78' lang='lat' dir='ltr'>suscipiant;</span> <span class='ocrx_word' id='word_1_134' title='bbox 1126 1538 1275 1579; x_wconf 83' lang='lat' dir='ltr'>alioquin</span> <span class='ocrx_word' id='word_1_135' title='bbox 1303 1538 1361 1579; x_wconf 89' lang='lat' dir='ltr'>[in]</span> <span class='ocrx_word' id='word_1_136' title='bbox 1392 1538 1693 1570; x_wconf 90' lang='lat' dir='ltr'>animadversione</span> <span class='ocrx_word' id='word_1_137' title='bbox 1709 1537 1720 1554; x_wconf 81' lang='lat'>2</span> <span class='ocrx_word' id='word_1_138' title='bbox 1747 1543 1827 1569; x_wconf 87' lang='lat' dir='ltr'>sunt</span> 
     </span>
     <span class='ocr_line' id='line_1_16' title="bbox 360 1595 1827 1640; baseline -0.003 -10"><span class='ocrx_word' id='word_1_139' title='bbox 360 1598 475 1630; x_wconf 87' lang='lat' dir='ltr'>debita</span> <span class='ocrx_word' id='word_1_140' title='bbox 501 1597 707 1640; x_wconf 77' lang='lat' dir='ltr'>corrigendi,</span> <span class='ocrx_word' id='word_1_141' title='bbox 733 1607 811 1628; x_wconf 91' lang='lat' dir='ltr'>cum</span> <span class='ocrx_word' id='word_1_142' title='bbox 837 1597 868 1627; x_wconf 86' lang='lat' dir='ltr'>in</span> <span class='ocrx_word' id='word_1_143' title='bbox 895 1596 1087 1627; x_wconf 76' lang='lat' dir='ltr'>subsidium</span> <span class='ocrx_word' id='word_1_144' title='bbox 1113 1595 1306 1638; x_wconf 78' lang='lat' dir='ltr'>fragilitatis</span> <span class='ocrx_word' id='word_1_145' title='bbox 1332 1596 1505 1627; x_wconf 81' lang='lat' dir='ltr'>humanae</span> <span class='ocrx_word' id='word_1_146' title='bbox 1530 1595 1679 1637; x_wconf 87' lang='lat' dir='ltr'>spatium</span> <span class='ocrx_word' id='word_1_147' title='bbox 1704 1596 1827 1637; x_wconf 92' lang='lat' dir='ltr'>proba-</span> 
     </span>
     <span class='ocr_line' id='line_1_17' title="bbox 360 1652 1828 1697; baseline -0.002 -10"><span class='ocrx_word' id='word_1_148' title='bbox 360 1655 463 1687; x_wconf 86' lang='lat' dir='ltr'>tionis</span> <span class='ocrx_word' id='word_1_149' title='bbox 481 1655 523 1687; x_wconf 90' lang='lat' dir='ltr'>sit</span> <span class='ocrx_word' id='word_1_150' title='bbox 539 1655 549 1671; x_wconf 76' lang='lat'>³</span> <span class='ocrx_word' id='word_1_151' title='bbox 573 1654 773 1697; x_wconf 83' lang='lat' dir='ltr'>regulariter</span> <span class='ocrx_word' id='word_1_152' title='bbox 798 1654 998 1685; x_wconf 85' lang='lat' dir='ltr'>institutum.</span> <span class='ocrx_word' id='word_1_153' title='bbox 1018 1654 1087 1685; x_wconf 84' lang='lat' dir='ltr'>Sed</span> <span class='ocrx_word' id='word_1_154' title='bbox 1109 1653 1191 1684; x_wconf 88' lang='lat' dir='ltr'>illud</span> <span class='ocrx_word' id='word_1_155' title='bbox 1216 1654 1310 1694; x_wconf 84' lang='lat' dir='ltr'>quod</span> <span class='ocrx_word' id='word_1_156' title='bbox 1335 1658 1387 1685; x_wconf 90' lang='lat' dir='ltr'>est</span> <span class='ocrx_word' id='word_1_157' title='bbox 1404 1653 1703 1685; x_wconf 85' lang='lat' dir='ltr'>animadversione</span> <span class='ocrx_word' id='word_1_158' title='bbox 1726 1652 1828 1685; x_wconf 87' lang='lat' dir='ltr'>corri-</span> 
     </span>
     <span class='ocr_line' id='line_1_18' title="bbox 360 1711 1829 1755; baseline -0.001 -11"><span class='ocrx_word' id='word_1_159' title='bbox 360 1713 525 1755; x_wconf 88' lang='lat' dir='ltr'>piendum</span> <span class='ocrx_word' id='word_1_160' title='bbox 550 1723 621 1744; x_wconf 91' lang='lat' dir='ltr'>non</span> <span class='ocrx_word' id='word_1_161' title='bbox 646 1718 698 1744; x_wconf 86' lang='lat' dir='ltr'>est</span> <span class='ocrx_word' id='word_1_162' title='bbox 722 1711 860 1743; x_wconf 84' lang='lat' dir='ltr'>licitum.</span> <span class='ocrx_word' id='word_1_163' title='bbox 884 1711 976 1753; x_wconf 72' lang='lat' dir='ltr'>Ergo</span> <span class='ocrx_word' id='word_1_164' title='bbox 995 1722 1073 1742; x_wconf 89' lang='lat' dir='ltr'>cum</span> <span class='ocrx_word' id='word_1_165' title='bbox 1094 1711 1287 1742; x_wconf 82' lang='lat' dir='ltr'>secundum</span> <span class='ocrx_word' id='word_1_166' title='bbox 1305 1712 1396 1742; x_wconf 90' lang='lat' dir='ltr'>hanc</span> <span class='ocrx_word' id='word_1_167' title='bbox 1413 1711 1621 1742; x_wconf 86' lang='lat' dir='ltr'>decretalem</span> <span class='ocrx_word' id='word_1_168' title='bbox 1638 1721 1710 1742; x_wconf 91' lang='lat' dir='ltr'>non</span> <span class='ocrx_word' id='word_1_169' title='bbox 1726 1711 1829 1743; x_wconf 89' lang='lat' dir='ltr'>liceat</span> 
     </span>
     <span class='ocr_line' id='line_1_19' title="bbox 359 1768 1828 1812; baseline -0.001 -10"><span class='ocrx_word' id='word_1_170' title='bbox 359 1770 465 1812; x_wconf 89' lang='lat' dir='ltr'>recipi</span> <span class='ocrx_word' id='word_1_171' title='bbox 494 1771 538 1801; x_wconf 86' lang='lat' dir='ltr'>ad</span> <span class='ocrx_word' id='word_1_172' title='bbox 566 1769 819 1811; x_wconf 82' lang='lat' dir='ltr'>professionem</span> <span class='ocrx_word' id='word_1_173' title='bbox 848 1768 1006 1800; x_wconf 84' lang='lat' dir='ltr'>novicios</span> <span class='ocrx_word' id='word_1_174' title='bbox 1037 1768 1138 1799; x_wconf 89' lang='lat' dir='ltr'>etiam</span> <span class='ocrx_word' id='word_1_175' title='bbox 1163 1768 1315 1809; x_wconf 80' lang='lat' dir='ltr'>profiteri</span> <span class='ocrx_word' id='word_1_176' title='bbox 1340 1769 1507 1806; x_wconf 79' lang='lat' dir='ltr'>volentes,</span> <span class='ocrx_word' id='word_1_177' title='bbox 1534 1779 1604 1800; x_wconf 90' lang='lat' dir='ltr'>non</span> <span class='ocrx_word' id='word_1_178' title='bbox 1629 1768 1707 1800; x_wconf 83' lang='lat' dir='ltr'>licet</span> <span class='ocrx_word' id='word_1_179' title='bbox 1732 1768 1828 1810; x_wconf 84' lang='lat' dir='ltr'>ipsos</span> 
     </span>
     <span class='ocr_line' id='line_1_20' title="bbox 359 1825 1695 1868; baseline -0.002 -8"><span class='ocrx_word' id='word_1_180' title='bbox 359 1828 525 1860; x_wconf 88' lang='lat' dir='ltr'>inducere</span> <span class='ocrx_word' id='word_1_181' title='bbox 543 1828 586 1859; x_wconf 84' lang='lat' dir='ltr'>ad</span> <span class='ocrx_word' id='word_1_182' title='bbox 604 1827 838 1868; x_wconf 88' lang='lat' dir='ltr'>profitendum</span> <span class='ocrx_word' id='word_1_183' title='bbox 858 1832 1043 1867; x_wconf 83' lang='lat' dir='ltr'>antequam</span> <span class='ocrx_word' id='word_1_184' title='bbox 1062 1832 1198 1867; x_wconf 88' lang='lat' dir='ltr'>tempus</span> <span class='ocrx_word' id='word_1_185' title='bbox 1216 1826 1431 1867; x_wconf 86' lang='lat' dir='ltr'>probationis</span> <span class='ocrx_word' id='word_1_186' title='bbox 1450 1825 1492 1857; x_wconf 85' lang='lat' dir='ltr'>sit</span> <span class='ocrx_word' id='word_1_187' title='bbox 1509 1826 1695 1867; x_wconf 90' lang='lat' dir='ltr'>impletum.</span> 
     </span>
    </p>

    <p class='ocr_par' dir='ltr' id='par_1_6' title="bbox 360 1883 1833 2503">
     <span class='ocr_line' id='line_1_21' title="bbox 450 1883 1829 1927; baseline -0.001 -10"><span class='ocrx_word' id='word_1_188' title='bbox 450 1885 660 1927; x_wconf 85' lang='lat' dir='ltr'>Respondeo</span> <span class='ocrx_word' id='word_1_189' title='bbox 679 1884 865 1916; x_wconf 86' lang='lat' dir='ltr'>dicendum</span> <span class='ocrx_word' id='word_1_190' title='bbox 890 1884 994 1925; x_wconf 81' lang='lat' dir='ltr'>quod,</span> <span class='ocrx_word' id='word_1_191' title='bbox 1013 1894 1090 1915; x_wconf 87' lang='lat' dir='ltr'>cum</span> <span class='ocrx_word' id='word_1_192' title='bbox 1116 1888 1251 1925; x_wconf 86' lang='lat' dir='ltr'>tempus</span> <span class='ocrx_word' id='word_1_193' title='bbox 1276 1883 1492 1925; x_wconf 83' lang='lat' dir='ltr'>probationis</span> <span class='ocrx_word' id='word_1_194' title='bbox 1517 1883 1762 1916; x_wconf 87' lang='lat' dir='ltr'>rationabiliter</span> <span class='ocrx_word' id='word_1_195' title='bbox 1786 1883 1829 1915; x_wconf 88' lang='lat' dir='ltr'>sit</span> 
     </span>
     <span class='ocr_line' id='line_1_22' title="bbox 360 1941 1829 1983; baseline -0.001 -8"><span class='ocrx_word' id='word_1_196' title='bbox 360 1943 552 1975; x_wconf 86' lang='lat' dir='ltr'>institutum</span> <span class='ocrx_word' id='word_1_197' title='bbox 578 1953 619 1974; x_wconf 84' lang='lat' dir='ltr'>ex</span> <span class='ocrx_word' id='word_1_198' title='bbox 643 1948 739 1983; x_wconf 89' lang='lat' dir='ltr'>parte</span> <span class='ocrx_word' id='word_1_199' title='bbox 765 1941 982 1973; x_wconf 85' lang='lat' dir='ltr'>noviciorum</span> <span class='ocrx_word' id='word_1_200' title='bbox 1009 1947 1043 1972; x_wconf 92' lang='lat' dir='ltr'>ut</span> <span class='ocrx_word' id='word_1_201' title='bbox 1069 1941 1203 1982; x_wconf 83' lang='lat' dir='ltr'>possint</span> <span class='ocrx_word' id='word_1_202' title='bbox 1229 1941 1359 1972; x_wconf 85' lang='lat' dir='ltr'>ordinis</span> <span class='ocrx_word' id='word_1_203' title='bbox 1384 1941 1587 1983; x_wconf 86' lang='lat' dir='ltr'>asperitates</span> <span class='ocrx_word' id='word_1_204' title='bbox 1614 1941 1769 1983; x_wconf 79' lang='lat' dir='ltr'>experiri,</span> <span class='ocrx_word' id='word_1_205' title='bbox 1787 1952 1829 1973; x_wconf 88' lang='lat' dir='ltr'>eo</span> 
     </span>
     <span class='ocr_line' id='line_1_23' title="bbox 362 1998 1830 2043; baseline -0.001 -10"><span class='ocrx_word' id='word_1_206' title='bbox 362 2001 456 2043; x_wconf 89' lang='lat' dir='ltr'>quod</span> <span class='ocrx_word' id='word_1_207' title='bbox 484 2006 602 2032; x_wconf 90' lang='lat' dir='ltr'>votum</span> <span class='ocrx_word' id='word_1_208' title='bbox 620 2001 673 2032; x_wconf 80' lang='lat' dir='ltr'>vel</span> <span class='ocrx_word' id='word_1_209' title='bbox 690 1999 856 2042; x_wconf 83' lang='lat' dir='ltr'>obligatio</span> <span class='ocrx_word' id='word_1_210' title='bbox 878 1998 1105 2040; x_wconf 86' lang='lat' dir='ltr'>professionis</span> <span class='ocrx_word' id='word_1_211' title='bbox 1130 2009 1208 2030; x_wconf 90' lang='lat' dir='ltr'>cum</span> <span class='ocrx_word' id='word_1_212' title='bbox 1233 1998 1442 2030; x_wconf 88' lang='lat' dir='ltr'>discretione</span> <span class='ocrx_word' id='word_1_213' title='bbox 1458 1999 1531 2030; x_wconf 87' lang='lat' dir='ltr'>fieri</span> <span class='ocrx_word' id='word_1_214' title='bbox 1549 2000 1653 2031; x_wconf 89' lang='lat' dir='ltr'>debet</span> <span class='ocrx_word' id='word_1_215' title='bbox 1671 2019 1710 2022; x_wconf 97' lang='lat'><strong>—</strong></span> <span class='ocrx_word' id='word_1_216' title='bbox 1728 2010 1830 2031; x_wconf 90' lang='lat' dir='ltr'>nemo</span> 
     </span>
     <span class='ocr_line' id='line_1_24' title="bbox 360 2056 1830 2100; baseline -0.001 -10"><span class='ocrx_word' id='word_1_217' title='bbox 360 2059 450 2091; x_wconf 90' lang='lat' dir='ltr'>enim</span> <span class='ocrx_word' id='word_1_218' title='bbox 476 2058 615 2100; x_wconf 85' lang='lat' dir='ltr'>sapiens</span> <span class='ocrx_word' id='word_1_219' title='bbox 641 2058 744 2089; x_wconf 86' lang='lat' dir='ltr'>debet</span> <span class='ocrx_word' id='word_1_220' title='bbox 769 2068 805 2088; x_wconf 90' lang='lat' dir='ltr'>se</span> <span class='ocrx_word' id='word_1_221' title='bbox 831 2057 987 2099; x_wconf 78' lang='lat' dir='ltr'>obligare</span> <span class='ocrx_word' id='word_1_222' title='bbox 1012 2056 1055 2087; x_wconf 86' lang='lat' dir='ltr'>ad</span> <span class='ocrx_word' id='word_1_223' title='bbox 1080 2056 1200 2099; x_wconf 73' lang='lat' dir='ltr'>ignota</span> <span class='ocrx_word' id='word_1_224' title='bbox 1224 2056 1370 2088; x_wconf 84' lang='lat' dir='ltr'>maxime</span> <span class='ocrx_word' id='word_1_225' title='bbox 1394 2067 1482 2097; x_wconf 86' lang='lat' dir='ltr'>quae</span> <span class='ocrx_word' id='word_1_226' title='bbox 1500 2057 1607 2088; x_wconf 89' lang='lat' dir='ltr'>ardua</span> <span class='ocrx_word' id='word_1_227' title='bbox 1625 2062 1658 2089; x_wconf 91' lang='lat' dir='ltr'>et</span> <span class='ocrx_word' id='word_1_228' title='bbox 1675 2057 1830 2089; x_wconf 89' lang='lat' dir='ltr'>difficilia</span> 
     </span>
     <span class='ocr_line' id='line_1_25' title="bbox 362 2114 1831 2158; baseline -0.001 -10"><span class='ocrx_word' id='word_1_229' title='bbox 362 2122 441 2148; x_wconf 92' lang='lat' dir='ltr'>sunt</span> <span class='ocrx_word' id='word_1_230' title='bbox 458 2121 619 2157; x_wconf 85' lang='lat' dir='ltr'>respectu</span> <span class='ocrx_word' id='word_1_231' title='bbox 637 2114 829 2158; x_wconf 82' lang='lat' dir='ltr'>fragilitatis</span> <span class='ocrx_word' id='word_1_232' title='bbox 846 2115 1029 2152; x_wconf 82' lang='lat' dir='ltr'>humanae,</span> <span class='ocrx_word' id='word_1_233' title='bbox 1041 2133 1080 2136; x_wconf 75' lang='lat'>—</span> <span class='ocrx_word' id='word_1_234' title='bbox 1093 2114 1228 2145; x_wconf 88' lang='lat' dir='ltr'>videtur</span> <span class='ocrx_word' id='word_1_235' title='bbox 1246 2114 1346 2145; x_wconf 90' lang='lat' dir='ltr'>etiam</span> <span class='ocrx_word' id='word_1_236' title='bbox 1365 2115 1469 2155; x_wconf 86' lang='lat' dir='ltr'>quod,</span> <span class='ocrx_word' id='word_1_237' title='bbox 1488 2115 1580 2145; x_wconf 89' lang='lat' dir='ltr'>nulla</span> <span class='ocrx_word' id='word_1_238' title='bbox 1598 2114 1831 2155; x_wconf 86' lang='lat' dir='ltr'>prohibitione</span> 
     </span>
     <span class='ocr_line' id='line_1_26' title="bbox 362 2171 1830 2214; baseline -0.001 -9"><span class='ocrx_word' id='word_1_239' title='bbox 362 2175 405 2205; x_wconf 88' lang='lat' dir='ltr'>ab</span> <span class='ocrx_word' id='word_1_240' title='bbox 423 2173 563 2205; x_wconf 90' lang='lat' dir='ltr'>homine</span> <span class='ocrx_word' id='word_1_241' title='bbox 589 2184 693 2214; x_wconf 87' lang='lat' dir='ltr'>super</span> <span class='ocrx_word' id='word_1_242' title='bbox 716 2173 784 2204; x_wconf 87' lang='lat' dir='ltr'>hoe</span> <span class='ocrx_word' id='word_1_243' title='bbox 809 2173 909 2210; x_wconf 65' lang='lat' dir='ltr'>facta,</span> <span class='ocrx_word' id='word_1_244' title='bbox 934 2182 1003 2203; x_wconf 86' lang='lat' dir='ltr'>non</span> <span class='ocrx_word' id='word_1_245' title='bbox 1022 2171 1138 2203; x_wconf 87' lang='lat' dir='ltr'>liceret</span> <span class='ocrx_word' id='word_1_246' title='bbox 1155 2172 1209 2203; x_wconf 87' lang='lat' dir='ltr'>vel</span> <span class='ocrx_word' id='word_1_247' title='bbox 1227 2172 1348 2203; x_wconf 86' lang='lat' dir='ltr'>saltem</span> <span class='ocrx_word' id='word_1_248' title='bbox 1373 2182 1444 2203; x_wconf 87' lang='lat' dir='ltr'>non</span> <span class='ocrx_word' id='word_1_249' title='bbox 1469 2172 1608 2204; x_wconf 86' lang='lat' dir='ltr'>deceret</span> <span class='ocrx_word' id='word_1_250' title='bbox 1628 2173 1723 2213; x_wconf 83' lang='lat' dir='ltr'>quod</span> <span class='ocrx_word' id='word_1_251' title='bbox 1741 2172 1830 2204; x_wconf 87' lang='lat' dir='ltr'>infra</span> 
     </span>
     <span class='ocr_line' id='line_1_27' title="bbox 362 2229 1832 2273; baseline -0.001 -10"><span class='ocrx_word' id='word_1_252' title='bbox 362 2237 498 2273; x_wconf 82' lang='lat' dir='ltr'>tempus</span> <span class='ocrx_word' id='word_1_253' title='bbox 524 2230 699 2262; x_wconf 86' lang='lat' dir='ltr'>sufficiens</span> <span class='ocrx_word' id='word_1_254' title='bbox 724 2229 940 2271; x_wconf 81' lang='lat' dir='ltr'>probationis</span> <span class='ocrx_word' id='word_1_255' title='bbox 966 2229 1087 2270; x_wconf 81' lang='lat' dir='ltr'>aliquis</span> <span class='ocrx_word' id='word_1_256' title='bbox 1113 2229 1124 2245; x_wconf 63' lang='lat'>4</span> <span class='ocrx_word' id='word_1_257' title='bbox 1159 2229 1203 2260; x_wconf 87' lang='lat' dir='ltr'>ad</span> <span class='ocrx_word' id='word_1_258' title='bbox 1228 2229 1460 2270; x_wconf 86' lang='lat' dir='ltr'>profitendum</span> <span class='ocrx_word' id='word_1_259' title='bbox 1486 2229 1716 2269; x_wconf 88' lang='lat' dir='ltr'>induceretur,</span> <span class='ocrx_word' id='word_1_260' title='bbox 1753 2230 1832 2271; x_wconf 87' lang='lat' dir='ltr'>quia</span> 
     </span>
     <span class='ocr_line' id='line_1_28' title="bbox 363 2286 1831 2330; baseline -0.001 -10"><span class='ocrx_word' id='word_1_261' title='bbox 363 2288 489 2330; x_wconf 87' lang='lat' dir='ltr'>exponi</span> <span class='ocrx_word' id='word_1_262' title='bbox 508 2288 662 2330; x_wconf 90' lang='lat' dir='ltr'>periculo</span> <span class='ocrx_word' id='word_1_263' title='bbox 680 2287 854 2319; x_wconf 88' lang='lat' dir='ltr'>videretur</span> <span class='ocrx_word' id='word_1_264' title='bbox 871 2286 1059 2329; x_wconf 77' lang='lat' dir='ltr'>obligando</span> <span class='ocrx_word' id='word_1_265' title='bbox 1084 2297 1122 2318; x_wconf 82' lang='lat' dir='ltr'>se</span> <span class='ocrx_word' id='word_1_266' title='bbox 1140 2292 1176 2317; x_wconf 91' lang='lat' dir='ltr'>ut</span> <span class='ocrx_word' id='word_1_267' title='bbox 1202 2286 1329 2318; x_wconf 88' lang='lat' dir='ltr'>dictum</span> <span class='ocrx_word' id='word_1_268' title='bbox 1355 2292 1407 2318; x_wconf 88' lang='lat' dir='ltr'>est</span> <span class='ocrx_word' id='word_1_269' title='bbox 1432 2287 1475 2318; x_wconf 87' lang='lat' dir='ltr'>ad</span> <span class='ocrx_word' id='word_1_270' title='bbox 1493 2287 1623 2329; x_wconf 83' lang='lat' dir='ltr'>ignota.</span> <span class='ocrx_word' id='word_1_271' title='bbox 1643 2287 1680 2319; x_wconf 88' lang='lat' dir='ltr'>Si</span> <span class='ocrx_word' id='word_1_272' title='bbox 1699 2286 1710 2303; x_wconf 77' lang='lat'>⁵</span> <span class='ocrx_word' id='word_1_273' title='bbox 1727 2287 1831 2319; x_wconf 86' lang='lat' dir='ltr'>etiarn</span> 
     </span>
     <span class='ocr_line' id='line_1_29' title="bbox 362 2343 1831 2388; baseline -0.001 -10"><span class='ocrx_word' id='word_1_274' title='bbox 362 2352 499 2388; x_wconf 87' lang='lat' dir='ltr'>tempus</span> <span class='ocrx_word' id='word_1_275' title='bbox 524 2350 688 2377; x_wconf 87' lang='lat' dir='ltr'>statutum</span> <span class='ocrx_word' id='word_1_276' title='bbox 706 2345 750 2376; x_wconf 89' lang='lat' dir='ltr'>ad</span> <span class='ocrx_word' id='word_1_277' title='bbox 768 2344 1010 2386; x_wconf 86' lang='lat' dir='ltr'>probationem</span> <span class='ocrx_word' id='word_1_278' title='bbox 1028 2343 1227 2375; x_wconf 86' lang='lat' dir='ltr'>huiusmodi</span> <span class='ocrx_word' id='word_1_279' title='bbox 1252 2344 1475 2385; x_wconf 86' lang='lat' dir='ltr'>asperitatum</span> <span class='ocrx_word' id='word_1_280' title='bbox 1500 2355 1569 2376; x_wconf 92' lang='lat' dir='ltr'>non</span> <span class='ocrx_word' id='word_1_281' title='bbox 1595 2344 1637 2376; x_wconf 89' lang='lat' dir='ltr'>sit</span> <span class='ocrx_word' id='word_1_282' title='bbox 1654 2345 1831 2376; x_wconf 77' lang='lat' dir='ltr'>sufficiens</span> 
     </span>
     <span class='ocr_line' id='line_1_30' title="bbox 364 2401 1832 2444; baseline -0.001 -9"><span class='ocrx_word' id='word_1_283' title='bbox 364 2404 407 2435; x_wconf 89' lang='lat' dir='ltr'>ad</span> <span class='ocrx_word' id='word_1_284' title='bbox 431 2404 499 2435; x_wconf 90' lang='lat' dir='ltr'>hoc</span> <span class='ocrx_word' id='word_1_285' title='bbox 525 2403 618 2444; x_wconf 89' lang='lat' dir='ltr'>quod</span> <span class='ocrx_word' id='word_1_286' title='bbox 643 2403 730 2434; x_wconf 90' lang='lat' dir='ltr'>infra</span> <span class='ocrx_word' id='word_1_287' title='bbox 755 2402 837 2433; x_wconf 87' lang='lat' dir='ltr'>illud</span> <span class='ocrx_word' id='word_1_288' title='bbox 862 2401 1075 2443; x_wconf 80' lang='lat' dir='ltr'>asperitates,</span> <span class='ocrx_word' id='word_1_289' title='bbox 1103 2412 1190 2442; x_wconf 86' lang='lat' dir='ltr'>quae</span> <span class='ocrx_word' id='word_1_290' title='bbox 1215 2401 1297 2432; x_wconf 86' lang='lat' dir='ltr'>satis</span> <span class='ocrx_word' id='word_1_291' title='bbox 1327 2401 1554 2433; x_wconf 88' lang='lat' dir='ltr'>communiter</span> <span class='ocrx_word' id='word_1_292' title='bbox 1578 2407 1727 2444; x_wconf 87' lang='lat' dir='ltr'>possunt</span> <span class='ocrx_word' id='word_1_293' title='bbox 1754 2413 1832 2444; x_wconf 87' lang='lat' dir='ltr'>pro-</span> 
     </span>
     <span class='ocr_line' id='line_1_31' title="bbox 364 2458 1833 2503; baseline -0.001 -10"><span class='ocrx_word' id='word_1_294' title='bbox 364 2461 449 2493; x_wconf 88' lang='lat' dir='ltr'>fessi</span> <span class='ocrx_word' id='word_1_295' title='bbox 473 2466 596 2503; x_wconf 88' lang='lat' dir='ltr'>postea</span> <span class='ocrx_word' id='word_1_296' title='bbox 621 2459 776 2502; x_wconf 84' lang='lat' dir='ltr'>experiri,</span> <span class='ocrx_word' id='word_1_297' title='bbox 795 2459 859 2501; x_wconf 84' lang='lat' dir='ltr'>ipsi</span> <span class='ocrx_word' id='word_1_298' title='bbox 884 2459 1010 2491; x_wconf 88' lang='lat' dir='ltr'>novicii</span> <span class='ocrx_word' id='word_1_299' title='bbox 1037 2460 1131 2500; x_wconf 86' lang='lat' dir='ltr'>[non]</span> <span class='ocrx_word' id='word_1_300' title='bbox 1151 2459 1288 2490; x_wconf 86' lang='lat' dir='ltr'>valeant</span> <span class='ocrx_word' id='word_1_301' title='bbox 1306 2458 1460 2500; x_wconf 82' lang='lat' dir='ltr'>experiri,</span> <span class='ocrx_word' id='word_1_302' title='bbox 1479 2470 1551 2490; x_wconf 92' lang='lat' dir='ltr'>non</span> <span class='ocrx_word' id='word_1_303' title='bbox 1569 2459 1702 2491; x_wconf 87' lang='lat' dir='ltr'>videtur</span> <span class='ocrx_word' id='word_1_304' title='bbox 1725 2465 1833 2491; x_wconf 86' lang='lat' dir='ltr'>tutum</span> 
     </span>
    </p>
   </div>
   <div class='ocr_carea' id='block_1_5' title="bbox 456 2601 1499 2638">
    <p class='ocr_par' dir='ltr' id='par_1_7' title="bbox 456 2601 1499 2638">
     <span class='ocr_line' id='line_1_32' title="bbox 456 2601 1499 2638; baseline -0.001 -7"><span class='ocrx_word' id='word_1_305' title='bbox 456 2606 464 2620; x_wconf 90' lang='lat'>¹</span> <span class='ocrx_word' id='word_1_306' title='bbox 479 2609 508 2631; x_wconf 86' lang='lat' dir='ltr'>et</span> <span class='ocrx_word' id='word_1_307' title='bbox 527 2605 558 2631; x_wconf 93' lang='grc' dir='ltr'>Ρ.</span> <span class='ocrx_word' id='word_1_308' title='bbox 578 2621 611 2624; x_wconf 92' lang='grc'><strong>-</strong></span> <span class='ocrx_word' id='word_1_309' title='bbox 632 2605 641 2620; x_wconf 72' lang='lat'>²</span> <span class='ocrx_word' id='word_1_310' title='bbox 655 2601 775 2631; x_wconf 52' lang='lat' dir='ltr'>afisione</span> <span class='ocrx_word' id='word_1_311' title='bbox 795 2604 828 2630; x_wconf 93' lang='lat' dir='ltr'>V.</span> <span class='ocrx_word' id='word_1_312' title='bbox 849 2620 881 2622; x_wconf 97' lang='lat'><strong>—</strong></span> <span class='ocrx_word' id='word_1_313' title='bbox 901 2604 911 2619; x_wconf 80' lang='lat'>³</span> <span class='ocrx_word' id='word_1_314' title='bbox 924 2607 991 2630; x_wconf 89' lang='lat' dir='ltr'>sunt</span> <span class='ocrx_word' id='word_1_315' title='bbox 1011 2604 1040 2629; x_wconf 90' lang='grc' dir='ltr'>Ρ.</span> <span class='ocrx_word' id='word_1_316' title='bbox 1062 2620 1094 2622; x_wconf 90' lang='grc'>-</span> <span class='ocrx_word' id='word_1_317' title='bbox 1115 2605 1124 2618; x_wconf 55' lang='lat'>&#39;¹</span> <span class='ocrx_word' id='word_1_318' title='bbox 1140 2603 1249 2638; x_wconf 87' lang='lat' dir='ltr'>aliquid</span> <span class='ocrx_word' id='word_1_319' title='bbox 1268 2603 1301 2629; x_wconf 85' lang='lat' dir='ltr'>V.</span> <span class='ocrx_word' id='word_1_320' title='bbox 1322 2619 1354 2622; x_wconf 81' lang='lat'>—</span> <span class='ocrx_word' id='word_1_321' title='bbox 1375 2604 1450 2630; x_wconf 80' lang='lat' dir='ltr'>⁵sed</span> <span class='ocrx_word' id='word_1_322' title='bbox 1469 2604 1499 2630; x_wconf 83' lang='lat' dir='ltr'>P.</span> 
     </span>
    </p>
   </div>
   <div class='ocr_carea' id='block_1_6' title="bbox 455 2700 989 2740">
    <p class='ocr_par' dir='ltr' id='par_1_8' title="bbox 455 2700 989 2740">
     <span class='ocr_line' id='line_1_33' title="bbox 455 2700 989 2740; baseline -0.006 -11"><span class='ocrx_word' id='word_1_323' title='bbox 455 2704 493 2736; x_wconf 85' lang='lat' dir='ltr'>(l)</span> <span class='ocrx_word' id='word_1_324' title='bbox 515 2711 538 2729; x_wconf 91' lang='lat' dir='ltr'>c.</span> <span class='ocrx_word' id='word_1_325' title='bbox 561 2704 601 2728; x_wconf 85' lang='grc'>16.</span> <span class='ocrx_word' id='word_1_326' title='bbox 622 2702 655 2727; x_wconf 90' lang='lat' dir='ltr'>X.</span> <span class='ocrx_word' id='word_1_327' title='bbox 677 2701 713 2740; x_wconf 82' lang='lat' dir='ltr'>de</span> <span class='ocrx_word' id='word_1_328' title='bbox 733 2701 856 2736; x_wconf 85' lang='lat' dir='ltr'>regular.</span> <span class='ocrx_word' id='word_1_329' title='bbox 877 2700 927 2726; x_wconf 88' lang='lat'>111.</span> <span class='ocrx_word' id='word_1_330' title='bbox 947 2702 989 2727; x_wconf 80' lang='lat'>31.</span> 
     </span>
    </p>
   </div>
  </div>
 </body>
</html>
