2493 3458
698 424 732 447 ὃὸ
1062 422 1249 447 MAffls'rRl
1280 421 1497 447 GODEFRIDI
1528 421 1578 447 DE
1607 420 1802 447 FONTIBUS

699 517 865 553 quantum
895 511 938 542 ad
967 511 1142 542 materiam
1168 516 1201 542 et
1227 516 1393 551 quantum
1421 510 1463 541 ad
1493 510 1647 548 formam,
1673 510 1886 552 dependeret
1910 511 1954 541 ab
1979 510 2107 542 artifice
2132 516 2166 542 et

699 574 807 601 totum
826 569 869 600 ab
887 568 963 610 ipso
981 569 1132 606 liaberet,
1151 574 1263 599 tamen
1282 573 1466 608 antequam
1484 573 1576 598 esset
1594 566 1626 598 in
1645 578 1756 598 rerum
1775 573 1893 599 natura
1912 579 1953 599 ex
1970 580 2048 600 esse
2066 578 2165 599 areae

700 626 733 657 in
760 632 872 657 mente
894 625 1031 657 artificis
1057 631 1093 657 ut
1118 625 1149 656 in
1170 626 1278 656 forma
1304 624 1488 666 exemplari
1512 635 1580 656 non
1607 624 1777 656 diceretur
1801 625 1895 666 quod
1921 635 1998 657 area
2024 626 2166 657 haberet

700 683 840 724 aliquod
858 694 935 715 esse
961 683 1050 715 reule
1068 683 1119 714 vel
1139 682 1310 714 essentiae
1329 682 1382 713 vel
1408 682 1608 713 existentiae
1634 681 1697 713 nisi
1723 682 1755 713 in
1782 682 1956 723 potentia;
1983 693 2047 714 nec
2065 682 2165 714 etiam

700 742 843 772 liaberet
860 740 1007 782 aliquam
1034 740 1233 772 relationem
1253 740 1376 771 realem
1395 740 1438 771 ad
1457 739 1567 781 ipsum
1587 739 1748 772 artificem
1768 746 1801 770 et
1825 746 1948 771 cetera.
1967 739 2022 771 Al,
2043 740 2165 771 eodem

700 798 791 831 enim
816 799 919 830 habet
944 804 1100 829 creatura
1125 798 1218 838 quod
1237 803 1288 828 est
1314 797 1505 828 secundum
1525 808 1562 828 se
1580 797 1622 827 ad
1649 797 1741 838 quod
1760 803 1811 828 est
1829 797 1956 838 aliquid
1975 797 2165 829 secundum

699 856 884 888 essentiam
904 855 974 887 sive.
993 856 1087 897 quod
1113 861 1164 886 est
1189 855 1315 896 aliquid
1343 854 1374 885 in
1401 866 1478 885 esse
1503 854 1741 895 quidditativo,
1767 862 1800 886 et
1825 855 1919 895 quod
1945 860 1996 886 est
2021 861 2115 886 extra
2132 854 2165 886 in

700 914 815 955 seipsa
839 913 873 944 in
899 924 1009 945 rerum
1028 918 1147 944 natura
1173 913 1364 943 secundum
1391 922 1469 943 esse
1494 911 1705 943 existentiae.
1724 911 1855 943 Tamen
1880 913 1966 943 haec
1991 923 2061 943 non
2087 917 2167 943 sunt

700 970 836 1003 diversa
861 976 918 1002 aut
943 970 1147 1012 separabilia
1173 976 1208 1001 ut
1237 970 1364 1001 (lictum
1395 976 1455 1006 est,
1481 975 1514 1001 et
1545 970 1588 1000 ab
1620 969 1743 1001 eodem
1773 969 1871 1000 simul
1896 970 2001 1001 habet
2028 980 2105 1000 esse
2135 975 2167 1001 et

699 1029 890 1060 secundum
921 1028 1104 1059 essentiam
1131 1034 1163 1058 ‹·t
1192 1027 1383 1059 secundum
1402 1026 1627 1063 existentiam,
1654 1026 1714 1058 ut¹
1743 1037 1762 1057 a
1791 1037 1896 1058 causa
1925 1026 2109 1068 exemplari
2134 1032 2167 1058 et

700 1086 830 1119 formali
849 1093 882 1118 et
901 1093 935 1117 ut
953 1097 971 1117 a
990 1096 1094 1117 eausa
1113 1085 1292 1117 efficiente.

1275 1337 1512 1378 QUAESTH)
1540 1337 1589 1368 111.

884 1464 1023 1501 Utrum
1057 1463 1232 1499 mumlus
1259 1463 1340 1498 sive
1369 1462 1505 1512 aliqua
1536 1465 1721 1498 creatura
1748 1462 1878 1510 potui!
1907 1475 1988 1498 esse

1167 1529 1226 1565 vel
1255 1529 1419 1565 exislere
1447 1529 1496 1565 ab
1525 1531 1693 1565 aeterno.

790 1706 925 1739 Deinde
951 1706 993 1738 ad
1019 1706 1211 1737 secundum
1237 1705 1456 1746 arguebatur,
1475 1711 1507 1736 et
1531 1705 1779 1736 ostendebatur
1803 1705 1896 1745 quod
1923 1704 2072 1735 mundus
2097 1703 2169 1736 sive

701 1771 857 1798 creatura
882 1775 952 1796 non
979 1763 1088 1805 potuit
1113 1774 1191 1794 esse
1216 1763 1259 1794 al)
1284 1769 1436 1798 aeterno,
1463 1762 1542 1804 quia
1567 1773 1608 1793 ex
1635 1763 1702 1794 hoc
1728 1769 1920 1803 sequuntur
1948 1762 2018 1793 duo
2044 1761 2169 1803 impos-

701 1822 821 1854 sibilia.
848 1822 963 1854 Unum
989 1827 1040 1853 est
1065 1821 1158 1862 quod
1184 1819 1349 1862 possibile
1378 1819 1498 1851 fuisset
1523 1819 1572 1851 sic
1602 1820 1767 1850 mundum
1797 1819 1903 1851 fuisse
1929 1830 1948 1850 a
1974 1819 2050 1851 Deo
2075 1819 2169 1860 quod

702 1891 772 1912 non
798 1879 967 1921 potuisset
992 1889 1062 1910 non
1088 1878 1194 1909 fuisse
1220 1878 1263 1909 ab
1289 1877 1375 1919 ipso,
1402 1883 1434 1908 et
1459 1877 1509 1908 sic
1537 1877 1580 1908 de
1610 1877 1816 1909 necessitate
1845 1876 2023 1908 habuisset
2049 1886 2126 1908 esse
2151 1887 2170 1907 a

701 1938 800 1975 Deo;
829 1937 908 1978 quia
937 1936 1025 1968 sicut
1053 1936 1146 1977 quod
1176 1941 1237 1974 est,
1266 1935 1408 1976 quando
1437 1940 1498 1973 est,
1527 1944 1673 1966 necesse
1702 1941 1754 1966 est
1783 1944 1871 1973 esse,
1901 1934 1945 1966 ita
1973 1934 2068 1975 quod
2098 1933 2169 1972 fuit,

701 1995 842 2037 quando
872 1994 943 2031 fuit,
972 2004 1118 2025 necesse
1147 1999 1198 2024 est
1227 1992 1342 2024 fuisse.
1370 1992 1461 2035 Ergo
1491 1993 1584 2033 quod
1613 2003 1749 2034 semper
1777 1991 1840 2023 fuit
1863 2002 2000 2034 semper
2023 2001 2170 2024 necesse

701 2052 763 2085 fuit
787 2062 874 2085 esse.
900 2052 1018 2092 Quare
1042 2056 1075 2082 et
1099 2056 1223 2082 cetera.
1251 2069 1289 2073 —
1315 2049 1383 2082 Alii
1409 2049 1459 2082 sic
1484 2050 1634 2082 formant
1658 2050 1751 2091 quod
1781 2049 1935 2090 sequitur
1963 2049 2056 2091 quod
2073 2049 2170 2081 Deus

701 2121 773 2142 non
799 2109 909 2151 potuit
940 2120 1010 2140 non
1042 2109 1235 2150 producere
1265 2107 1431 2139 mundum
1460 2107 1494 2138 in
1525 2117 1612 2145 esse,
1643 2106 1723 2149 quia
1754 2117 1826 2138 non
1856 2106 1966 2148 potuit
1994 2117 2065 2138 non
2094 2117 2170 2148 pro-

701 2169 830 2200 ducere
845 2167 857 2184 ²
880 2167 913 2199 in
939 2167 996 2198 illo
1022 2165 1161 2197 instanti
1186 2165 1219 2197 in
1245 2176 1314 2207 quo
1339 2165 1530 2207 productus
1556 2170 1608 2196 est
1632 2165 1685 2197 vel
1710 2165 1744 2196 in
1769 2175 1838 2206 quo
1863 2164 1975 2206 ipsum
1999 2163 2170 2206 produxit,

702 2225 782 2268 quia
799 2225 892 2266 quod
910 2230 971 2261 est,
990 2224 1131 2265 quando
1149 2229 1211 2262 est,
1228 2222 1463 2255 necessarium
1482 2228 1535 2254 est
1551 2232 1639 2259 esse,
1657 2222 1761 2254 immo
1778 2232 1845 2254 nec
1862 2228 1914 2254 est
1939 2222 2021 2254 dare
2037 2221 2170 2253 instans

701 2283 736 2315 in
761 2294 830 2325 quo
855 2293 926 2314 non
951 2281 994 2313 sit
1018 2282 1208 2323 productus
1233 2281 1276 2311 ab
1301 2280 1388 2322 ipso.
1415 2280 1532 2320 Quare
1555 2290 1623 2312 nec
1647 2285 1761 2321 potest
1785 2279 1858 2311 dari
1883 2279 2016 2311 instans
2040 2279 2075 2310 in
2099 2289 2170 2320 quo

702 2340 813 2383 potuit
837 2350 909 2372 non
935 2350 1012 2372 esse
1037 2339 1227 2381 productus
1252 2339 1295 2369 ab
1320 2338 1407 2380 ipso.

790 2397 895 2430 Aliud
920 2396 1133 2439 impossibile
1162 2396 1255 2437 quod
1285 2406 1327 2427 ex
1354 2396 1423 2427 hoc
1451 2395 1606 2436 sequitur
1633 2400 1685 2427 est
1713 2395 1807 2436 quod
1831 2394 1860 2426 si
1884 2395 2034 2426 mundus
2059 2393 2171 2436 potuit

703 2467 781 2488 esse
806 2456 848 2487 ab
874 2460 1025 2493 aeterno,
1043 2459 1230 2496 potuerunt
1255 2452 1377 2484 infiniti
1401 2452 1476 2484 dies
1494 2452 1738 2495 praecessisse,
1764 2458 1797 2484 et
1821 2452 1856 2484 in
1880 2451 2036 2494 quolibet
2058 2451 2171 2494 potuit

703 2514 799 2546 Deus
823 2513 950 2545 fecisse
965 2512 977 2529 ³
999 2522 1106 2543 unum
1131 2511 1280 2553 lapidem
1306 2510 1450 2542 alicuius
1475 2510 1722 2542 determinatae
1749 2509 1996 2553 magnitudinis
2021 2515 2055 2542 et
2078 2509 2170 2541 illum

702 2570 813 2613 potuit
837 2579 1055 2608 conservare,
1074 2568 1173 2601 etsie
1190 2573 1334 2610 possent
1358 2568 1464 2600 modo
1489 2573 1568 2600 actu
1593 2578 1670 2600 esse
1695 2567 1817 2599 infiniti
1841 2567 1974 2609 lapides
1998 2566 2170 2598 finitarum

794 2713 801 2727 ¹
815 2720 869 2738 om.
883 2711 913 2737 Ρ.
930 2726 962 2730 —-
976 2711 987 2726 ²
1000 2710 1138 2736 mundum
1152 2725 1185 2728 —
1199 2709 1373 2744 producere]
1388 2718 1442 2734 om.
1458 2709 1487 2735 P.
1503 2724 1534 2728 ——
1548 2709 1559 2724 ³
1573 2708 1672 2735 facere
1686 2709 1716 2734 P.
