2493 3458
696 452 745 478 172
1061 451 1250 477 MAGlSTRl
1281 451 1497 477 GODEFRIDI
1530 452 1580 477 DE
1610 452 1806 478 FON'HBUS

694 553 808 573 remus
826 542 1036 574 substantias
1053 541 1059 558 ¹
1078 547 1254 582 ,sn-paratas
1272 542 1315 572 ab
1334 547 1475 573 aeterno
1494 541 1600 572 fuisse
1619 547 1651 573 et
1669 542 1712 572 al)
1737 547 1880 573 aeterno
1901 552 1920 572 a
1939 542 2014 573 Deo
2033 552 2170 584 proces-

693 600 779 632 sisse
808 599 909 632 etiam
928 601 971 631 ‹le
988 600 998 616 ²
1022 598 1229 631 necessitate
1247 605 1400 637 naturae,
1419 598 1507 631 sicut
1526 605 1717 640 posuerunt
1735 598 1943 641 philosophi,
1963 600 2170 631 haberemus

694 657 808 689 (licere
824 658 917 698 quod
937 657 1030 699 prius
1048 657 1240 687 secundum
1260 662 1415 687 naturam
1435 657 1572 688 fuerunt
1593 661 1658 687 sul)
1684 667 1753 688 non
1773 668 1849 688 esse
1875 667 1977 698 quam
1997 657 2063 688 sub
2081 667 2170 695 esse,

693 726 770 747 cum
788 715 866 747 illud
887 726 948 757 per
966 715 1058 757 prius
1076 713 1262 755 unicuique
1281 714 1467 746 c‹›nv‹·niat
1492 714 1585 755 quod
1612 714 1773 746 convenit
1791 714 1821 745 ei
1839 726 1878 746 ex
1907 724 1944 746 se
1967 725 2069 756 quam
2089 714 2170 746 illud

692 773 787 815 quod
805 772 967 805 convenit
987 784 1028 804 ex
1053 772 1143 810 alio;
1169 778 1201 803 et
1227 782 1287 813 per
1312 782 1536 812 consequens
1561 772 1655 813 quod
1681 772 1775 814 prius
1801 772 1939 803 suerunt
1964 772 1996 803 in
2016 772 2171 814 potentia

693 832 736 863 ad
761 842 838 863 esse
863 841 966 872 quam
991 841 1069 862 esse
1094 830 1310 867 habuerunt3
1338 849 1375 852 —
1403 829 1447 860 ita
1472 830 1515 861 de
1540 829 1691 861 essentia
1717 829 1879 861 materiae
1905 829 2092 861 dicendum
2117 835 2170 862 est

693 889 786 930 quod
805 889 899 931 prius
918 888 979 920 fuit
996 887 1029 919 in
1048 887 1202 929 potentia
1219 888 1262 918 ad
1281 898 1358 919 esse
1377 887 1549 919 essentiae
1576 898 1677 928 quam
1697 898 1774 919 esse
1800 887 1972 919 essentiae
2001 887 2168 919 habuerit.

694 947 735 979 Et
753 946 935 989 supposito
952 946 1046 988 quod
1065 945 1258 977 secundum
1278 956 1355 977 esse
1374 944 1637 986 quidditativum
1657 946 1700 976 ab
1718 951 1860 976 aeterno
1879 945 1990 983 suerit,
2006 946 2063 986 [et]
2082 945 2171 977 sicut

694 1005 837 1036 sormam
871 1003 1037 1046 praedicti
1071 1002 1194 1044 lapidis
1227 1002 1371 1044 produci
1401 1002 1434 1034 in
1468 1002 1607 1034 materia
1641 1002 1838 1034 huiusmodi
1872 1013 1943 1034 non
1975 1009 2027 1034 est
2060 1002 2169 1044 ipsam

693 1062 868 1094 materiam
887 1060 1032 1103 produci
1059 1061 1092 1092 in
1118 1072 1182 1091 suo
1208 1071 1285 1092 esse
1311 1060 1497 1097 essentiali,
1524 1060 1568 1091 ita
1594 1059 1694 1091 etiam
1721 1060 1907 1092 essentiam
1934 1060 2079 1102 produci
2104 1060 2170 1092 sub

692 1121 760 1152 hoc
785 1130 862 1152 esse
887 1118 1088 1150 existentiae
1113 1118 1185 1149 sive
1210 1129 1288 1149 esse
1313 1117 1515 1149 existentiae
1539 1117 1609 1149 lieri
1633 1117 1666 1148 in
1689 1117 1887 1149 huiusmodi
1913 1117 2075 1156 essentia,
2098 1128 2168 1149 non

693 1183 745 1210 est
770 1178 879 1220 ipsam
898 1176 1083 1209 essentiam
1102 1175 1134 1207 in
1161 1187 1224 1207 suo
1250 1186 1328 1207 esse
1354 1175 1527 1206 essentiae
1545 1175 1626 1212 lieri,
1652 1175 1713 1206 sed
1736 1176 1822 1207 liaec
1840 1175 1975 1207 realiter
1996 1175 2168 1207 differunt.

694 1236 799 1267 linmo
816 1236 826 1251 ³
843 1241 922 1266 sunt
947 1235 1017 1266 duo
1045 1234 1135 1265 facta
1161 1233 1239 1265 lieet
1265 1233 1365 1264 simul
1391 1239 1423 1265 et
1450 1244 1555 1264 unum
1581 1233 1757 1273 quoddam
1785 1233 2016 1275 compositum
2043 1232 2170 1265 consti-

692 1293 832 1326 tuentia.
851 1293 944 1333 Ergo
970 1291 1121 1324 essentia
1138 1291 1300 1322 materiae
1327 1291 1416 1322 facta
1435 1290 1466 1322 in
1493 1301 1571 1322 esse
1597 1291 1769 1322 essentiae
1795 1297 1827 1322 et
1852 1290 2054 1323 existentiae
2075 1289 2169 1332 prius

693 1358 764 1383 erat
792 1351 826 1382 in
856 1349 1008 1392 potentia
1038 1349 1081 1380 ad
1110 1350 1197 1380 hacc
1223 1349 1303 1380 duo.
1334 1350 1481 1380 Constat
1509 1354 1622 1380 autem
1649 1348 1742 1389 quod
1769 1359 1839 1380 non
1865 1348 1930 1380 nisi
1956 1348 1989 1380 in
2015 1347 2171 1390 potentia

692 1408 838 1451 agentis
868 1408 947 1449 quia
976 1413 1071 1440 extra
1104 1407 1215 1438 Deum
1246 1405 1327 1437 nihil
1357 1412 1429 1437 erat
1459 1405 1490 1437 in
1521 1405 1620 1437 cuius
1649 1406 1803 1447 potentia
1835 1406 1887 1438 vel
1923 1405 2089 1438 materiali
2116 1406 2169 1438 vel

693 1466 803 1499 activa
821 1465 912 1498 sive*
930 1464 1062 1497 virtuali
1077 1464 1144 1496 diei
1163 1470 1282 1506 posset
1300 1463 1478 1495 esse-si
1497 1474 1581 1504 ergo
1600 1463 1702 1495 illud⁵
1719 1464 1763 1495 ad
1780 1464 1875 1505 quod
1891 1463 2030 1496 materia
2045 1463 2170 1495 dicitur

692 1525 726 1556 in
759 1523 914 1566 potentia
942 1529 994 1555 est
1026 1522 1160 1555 realiter
1189 1522 1352 1553 differens
1381 1522 1424 1553 ab
1454 1521 1539 1563 ipsa,
1573 1528 1655 1553 tunc
1684 1532 1762 1553 cum
1796 1521 1861 1553 isto
1891 1522 1995 1553 modo
2028 1520 2170 1554 materia

693 1583 843 1615 creanda
861 1582 913 1613 vel
931 1580 1089 1613 creabilis
1107 1580 1149 1612 sit
1167 1580 1199 1611 in
1219 1579 1373 1621 potentia
1394 1579 1437 1611 ad
1455 1590 1532 1611 esse
1551 1579 1723 1611 essentiae
1738 1579 1924 1618 materiale,
1936 1579 2038 1611 etiam
2056 1578 2169 1621 ipsum

693 1651 771 1673 esse
796 1639 968 1672 essentiae
997 1638 1159 1670 materiae
1186 1637 1248 1669 erit
1277 1637 1404 1678 aliquid
1434 1637 1568 1669 realiter
1596 1637 1761 1669 differens
1787 1647 1806 1668 a
1831 1637 1982 1669 materia.
2009 1636 2171 1669 Similiter

693 1698 794 1731 etiam
813 1697 959 1740 angelus
977 1696 1145 1733 creabilis,
1163 1706 1241 1727 eum
1261 1706 1330 1726 non
1350 1696 1475 1726 habeat
1493 1706 1571 1727 esse
1589 1705 1703 1736 neque
1721 1695 1914 1726 secundum
1929 1695 1940 1710 ⁶
1957 1705 2035 1727 esse
2053 1705 2170 1727 essen-

693 1756 759 1788 tiae
775 1766 888 1797 neque
906 1755 1098 1787 secundum
1118 1764 1195 1785 esse
1212 1752 1486 1790 existentiaeest
1501 1752 1533 1784 in
1552 1752 1706 1794 potentia
1723 1753 1767 1784 ad
1786 1758 1968 1794 utrumque
1986 1752 2014 1783 si
2032 1751 2170 1784 diversa

693 1819 791 1853 sunt3
809 1819 842 1845 et
860 1813 948 1845 sicut
963 1812 974 1828 ⁷
999 1822 1076 1844 cum
1096 1817 1231 1843 creatur
1247 1810 1334 1852 lapis
1352 1810 1554 1852 producitur
1567 1812 1578 1823 ’⁴
1603 1810 1744 1842 materia
1768 1809 1892 1852 lapidis
1918 1820 1988 1842 non
2006 1810 2118 1842 solum
2136 1809 2169 1842 in

693 1882 770 1904 esse
799 1871 1001 1903 existentiae
1029 1870 1091 1901 sed
1121 1869 1222 1901 etiam
1251 1867 1433 1906 essentiae,
1463 1868 1508 1900 ita
1537 1867 1638 1900 etiam
1668 1878 1746 1899 eum
1776 1873 1911 1900 creatur
1936 1867 2083 1909 angelus
2111 1866 2171 1909 qui

692 1929 832 1972 ponitur
848 1929 994 1970 simplex
1011 1928 1130 1966 forma,
1146 1926 1347 1969 producitur
1360 1926 1469 1957 forma
1487 1925 1646 1967 angelica
1659 1931 1825 1967 quantum
1839 1925 1883 1957 ad
1901 1935 1980 1958 esse
1997 1925 2170 1958 essentiae

693 1986 810 2029 quod⁹
834 1992 885 2019 est
902 1985 1047 2028 produci
1072 1990 1178 2017 totam
1197 1983 1382 2016 essentiam
1401 1983 1514 2027 angeli
1540 1989 1705 2025 quantum
1724 1984 1768 2015 ad
1793 1983 1867 2015 eius
1892 1993 1970 2015 esse
1995 1982 2170 2015 essentiae

693 2051 727 2077 et
757 2044 857 2076 simul
885 2043 986 2076 etiam
1016 2042 1218 2085 producitur
1249 2047 1414 2083 quantum
1448 2041 1490 2072 ad
1523 2052 1601 2073 esse
1637 2040 1851 2073 existentiae.
1884 2040 1978 2083 Ergo
2014 2040 2168 2072 similiter

693 2113 772 2135 esse
810 2101 983 2134 essentiae
1017 2100 1132 2143 angeli
1169 2099 1270 2132 etiam
1300 2105 1392 2131 esset
1428 2099 1521 2130 aliud
1550 2100 1594 2130 ab
1622 2099 1698 2141 ipsa
1727 2105 1849 2130 natura
1877 2098 2015 2141 angeli;
2050 2104 2084 2130 et
2119 2098 2169 2130 sic

694 2171 772 2193 cum
798 2160 921 2192 dicitur
955 2159 1050 2201 quod
1085 2157 1238 2190 essentia
1274 2163 1325 2189 est
1361 2157 1395 2188 in
1425 2156 1579 2199 potentia
1608 2157 1652 2188 ad
1681 2167 1759 2189 esse
1797 2162 1830 2188 et
1866 2166 1937 2188 non
1973 2166 2062 2194 esse,
2097 2166 2169 2187 non

501 2213 673 2276 &¹³0ngva
693 2218 807 2250 minus
833 2218 968 2250 videtur
984 2218 1052 2249 1106
1077 2211 1218 2257 intelligi
1251 2217 1254 2256 Ι
1291 2215 1334 2247 de
1360 2226 1437 2247 esse
1463 2214 1636 2246 essentiae
1661 2225 1763 2256 quam
1790 2215 1832 2246 de
1850 2224 1929 2246 esse
1954 2213 2170 2252 existentiae,

545 2270 550 2275 ’
693 2276 798 2309 immo
812 2275 902 2308 idem
919 2275 1064 2307 videtur.
1079 2293 1118 2297 —
1133 2273 1204 2306 Sed
1218 2272 1242 2290 ¹⁰
1259 2278 1396 2305 constat
1413 2273 1507 2314 quod
1525 2282 1602 2304 esse
1621 2272 1795 2305 essentiae
1813 2278 1846 2304 et
1865 2271 2016 2304 essentia
2033 2270 2170 2303 realiter

693 2345 764 2366 non
801 2333 973 2366 differunt.
1010 2332 1103 2375 Ergo
1136 2342 1178 2364 ex
1213 2332 1282 2362 hoc
1317 2331 1412 2372 quod
1449 2330 1599 2362 essentia
1635 2335 1750 2372 potest
1779 2340 1856 2362 esse
1888 2329 1943 2361 vel
1974 2339 2046 2361 non
2077 2339 2168 2368 esse,

693 2403 765 2424 non
782 2391 936 2435 arguitur
960 2389 1141 2422 diversitas
1169 2389 1280 2427 realis,
1306 2388 1386 2430 quia
1414 2399 1591 2430 nunquam
1621 2393 1736 2430 potest
1765 2397 1842 2420 esse
1868 2387 2062 2420 secundum
2091 2397 2169 2419 esse

694 2449 897 2482 existentiae
914 2448 995 2490 quin
1014 2447 1116 2480 etiam
1134 2446 1245 2489 possit
1269 2457 1346 2478 esse
1362 2446 1556 2478 secundum
1573 2456 1653 2478 esse
1670 2445 1693 2462 ¹¹
1710 2445 1883 2478 essentiae
1900 2450 1934 2477 et
1950 2455 1969 2477 e
1985 2454 2168 2477 converso.

694 2507 812 2548 Quare
852 2506 972 2539 cum¹²
1010 2511 1150 2548 propter
1189 2504 1299 2537 hoc¹3
1337 2504 1431 2546 quod
1471 2503 1622 2536 essentia
1657 2503 1721 2535 fuit
1759 2503 1794 2535 in
1826 2502 1982 2545 potentia
2013 2503 2059 2534 ad
2089 2512 2169 2534 esse

694 2564 877 2604 essentiae,
909 2565 1002 2596 nulla
1034 2569 1086 2596 est
1110 2562 1290 2594 diversitas
1321 2561 1422 2594 realis
1458 2561 1546 2593 inter
1577 2561 1765 2594 essentiam
1801 2566 1834 2593 et
1871 2571 1950 2592 esse
1983 2559 2169 2599 essentiae,

767 2709 774 2722 ¹
807 2715 861 2733 ont.
877 2707 907 2733 P.
929 2721 960 2725 —
981 2706 991 2721 ‘³
1005 2705 1041 2732 de
1056 2714 1110 2731 om.
1130 2705 1163 2731 V.
1184 2720 1217 2723 —-
1237 2704 1248 2719 ³
1261 2703 1328 2730 ideo
1344 2703 1373 2730 P.
1393 2719 1426 2722 —
1447 2704 1456 2718 *¹
1471 2703 1518 2729 vel
1531 2702 1562 2728 P.
1583 2718 1615 2722 —
1637 2703 1646 2717 ⁵
1659 2702 1689 2728 id
1702 2702 1732 2728 P.
1753 2717 1786 2721 —
1806 2702 1817 2716 ⁸
1831 2710 1886 2727 om.
1905 2701 1936 2728 P.
1957 2717 1988 2720 —
2011 2702 2020 2716 ⁷
2033 2701 2076 2728 sic
2090 2700 2120 2727 P.
2135 2716 2168 2720 -—

695 2752 705 2765 ⁸
719 2760 772 2777 om.
786 2751 816 2778 P.
831 2767 864 2770 —
885 2752 895 2765 ⁰
908 2758 983 2784 quae
997 2749 1058 2775 PV.
1073 2765 1106 2767 —
1122 2750 1142 2764 ¹⁰
1155 2757 1210 2774 om.
1225 2748 1254 2774 P.
1275 2763 1307 2766 —
1325 2748 1342 2762 ¹¹
1358 2746 1518 2773 secundum
1539 2747 1615 2780 esse]
1635 2755 1691 2772 om.
1711 2746 1741 2772 P.
1762 2761 1794 2764 —-
1817 2745 1838 2760 ¹³
1851 2754 1907 2771 om.
1926 2745 1958 2772 P.
1973 2761 2006 2764 —
2027 2745 2048 2760 ¹³
2061 2753 2118 2771 om.
2138 2744 2168 2771 Ρ.
