2493 3458
719 409 893 435 TERTIUM
923 409 1220 443 QUODLIBETUM,
1250 410 1286 444 Q.
1315 410 1356 436 111
1724 413 1774 436 307

306 506 371 523 esse
394 501 423 523 et
445 497 573 523 essentia
595 506 652 522 non
676 497 813 523 differunt
836 506 875 529 re,
898 497 965 523 ideo
988 506 1075 523 unum
1101 506 1158 523 non
1182 502 1296 523 creatur
1319 499 1398 532 prius
1423 499 1480 525 alio
1504 508 1557 525 nec
1581 508 1668 525 unum
1691 508 1775 534 prae-

307 545 384 571 cedit
404 545 481 571 aliud
502 545 614 580 origine
634 546 681 571 vel
701 545 843 580 dignitate
863 546 1023 571 secundum
1045 554 1113 571 rem.

392 593 466 619 Illud
487 598 583 619 autem
605 594 682 628 quod
703 594 808 619 dicitur
828 594 927 628 quinto
951 594 987 620 de
1007 593 1120 620 Divinis
1140 595 1312 621 Nominibus
1333 600 1361 621 et
1385 600 1487 629 quarta
1511 596 1711 630 propositione
1738 596 1774 622 de

305 642 408 668 Causis
431 646 529 676 potest
549 642 671 676 intelligi
692 646 720 668 et
740 642 900 668 secundum
917 644 923 657 ¹
944 642 1108 676 platonicos
1132 647 1160 668 et
1180 643 1340 669 secundum
1355 644 1364 658 ²
1387 645 1606 678 peripateticos.

862 824 1128 858 QUAESTIO
1161 825 1219 850 III

954 908 958 924 ί
963 903 1097 924 BREVIS
1103 909 1115 924 ι,

518 991 625 1017 Utrum
647 994 758 1017 natura
778 993 916 1027 angelica
935 994 974 1019 sit
993 994 1151 1028 ccvilzposita
1173 1003 1206 1019 ex
1227 993 1352 1019 materia
1374 995 1402 1019 et
1415 992 1521 1026 forma
1538 995 1583 1025 (l).

388 1116 518 1142 Postea³
551 1117 766 1150 quaerebatur⁴
798 1126 886 1144 unum
919 1118 955 1144 de
988 1120 1144 1144 creatura⁵
1176 1119 1253 1144 circa
1284 1122 1416 1144 naturam
1455 1117 1626 1152 angelicam,
1659 1118 1772 1144 scilicet

300 1168 395 1190 utrum
416 1169 493 1190 esset
508 1165 672 1198 composita
693 1174 727 1191 ex
748 1167 868 1192 materia
890 1171 917 1192 et
938 1166 1040 1193 forma.
1061 1167 1096 1193 Et
1116 1168 1245 1201 arguitur
1265 1167 1344 1202 quod
1365 1167 1415 1199 sic,
1436 1167 1502 1201 quia
1522 1171 1624 1193 natura
1638 1168 1772 1202 angelica

300 1213 464 1248 composita
488 1218 531 1239 est
546 1214 556 1227 ‘³
585 1222 620 1239 ex
643 1218 709 1239 actu
733 1219 762 1240 et
785 1215 926 1249 potentia,
949 1225 1014 1242 cum
1039 1225 1096 1241 non
1119 1216 1155 1242 sit
1179 1216 1218 1241 ita
1241 1216 1364 1250 simplex
1390 1216 1465 1242 sicut
1488 1216 1575 1242 Deus.
1604 1216 1662 1242 Sed
1690 1220 1772 1243 actus

300 1266 328 1287 et
349 1262 479 1296 potentia
499 1266 574 1294 sunt,
594 1266 624 1287 ut
645 1262 768 1295 videtur,
789 1263 882 1289 forma
903 1268 931 1289 et
951 1264 1080 1290 materia.
1101 1265 1177 1299 Ergo
1199 1269 1227 1290 et
1247 1268 1352 1290 cetera.

388 1310 506 1336 Contra.
521 1310 663 1344 Operatio
678 1312 685 1325 Τ
705 1316 825 1338 naturae
841 1313 992 1346 angelicae
1008 1317 1051 1338 est
1063 1314 1072 1327 Β
1093 1313 1209 1339 omnino
1225 1313 1423 1339 immaterialis
1435 1314 1452 1345 ¹³,
1473 1313 1585 1339 scilicet
1599 1314 1770 1348 intelligere.

299 1359 376 1393 Ergo
397 1363 426 1384 et
445 1363 547 1385 natura
569 1359 651 1385 cuius
671 1365 715 1385 est
736 1361 877 1394 operatio.

387 1408 572 1442 Respondeo.
602 1408 708 1434 Dicunt
738 1409 855 1443 quidam
885 1414 1016 1435 naturam
1046 1410 1208 1444 angelicam
1235 1419 1300 1436 esse
1326 1410 1518 1445 compositam
1548 1419 1582 1436 ex
1603 1411 1725 1436 materia
1752 1413 1754 1444 Ι

299 1460 327 1481 et
349 1456 450 1481 forma.
471 1456 568 1482 Primo
592 1457 659 1490 quia
680 1458 776 1491 angeli
800 1458 949 1492 patiuntur
969 1459 1004 1484 ab
1025 1458 1092 1492 igne
1113 1458 1245 1484 infernali
1266 1463 1294 1484 et
1315 1459 1413 1493 passio
1434 1468 1491 1484 non
1507 1463 1550 1485 est
1564 1459 1625 1485 sine
1641 1460 1770 1485 materia.

299 1504 436 1530 Secundo
463 1505 528 1539 quia
555 1510 620 1531 sunt
653 1506 814 1532 mutabiles.
845 1507 875 1532 ln
902 1507 979 1532 omni
1007 1512 1102 1532 autem
1129 1516 1158 1533 re
1189 1507 1319 1533 mutabili
1345 1511 1461 1542 oportet
1482 1517 1590 1541 ponere
1611 1508 1770 1534 materiam.

300 1553 376 1587 Ergo
398 1558 426 1579 et
452 1558 557 1579 cetera.
579 1554 666 1588 Quod
693 1559 789 1580 autem
815 1556 871 1580 sint
897 1556 1051 1581 mutabiles
1076 1560 1165 1590 patet,
1187 1556 1253 1590 quia
1279 1556 1358 1581 solus
1379 1556 1459 1582 Deus
1480 1561 1523 1582 est
1543 1557 1730 1583 immutabilis
1744 1559 1770 1582 ¹⁴¹.

298 1602 375 1635 Ergo
408 1606 436 1627 et
468 1607 573 1628 cetera.
604 1603 711 1628 Dicunt
737 1608 834 1629 tamen
870 1604 946 1637 quod
973 1604 1093 1630 materia
1120 1604 1278 1639 spiritualis
1304 1605 1473 1639 angelorum
1504 1609 1547 1631 est
1579 1605 1712 1631 subtilior
1744 1610 1771 1631 et

298 1650 424 1676 nobilior
444 1660 529 1685 quam
550 1651 671 1677 materia
692 1652 887 1686 corporalium
909 1657 937 1678 et
957 1657 1010 1683 est,
1030 1658 1060 1678 ut
1081 1653 1188 1683 dicunt,
1208 1652 1400 1679 indivisibilis.
1425 1654 1483 1679 Sed
1508 1654 1563 1679 ista
1585 1663 1642 1680 non
1665 1655 1770 1681 valent.

385 1699 432 1725 Ad
459 1699 540 1725 cuius
561 1700 737 1726 evidentiam
759 1700 908 1726 sciendum
931 1701 1008 1735 quod
1030 1710 1114 1727 omne
1136 1702 1214 1735 quod
1234 1702 1322 1727 habet
1344 1702 1486 1728 rationem
1510 1703 1660 1737 potentiae
1683 1704 1771 1729 habet

297 1747 393 1781 aliquo
418 1748 505 1773 modo
532 1748 672 1774 rationem
697 1749 844 1775 materiae.
869 1750 904 1775 Et
930 1749 1006 1781 ideo,
1033 1750 1107 1776 sicut
1133 1754 1177 1775 est
1204 1750 1310 1784 duplex
1337 1751 1476 1785 potentia,
1503 1751 1614 1777 scilicet
1640 1752 1770 1786 potentia

296 1804 367 1830 pura
381 1797 399 1811 ¹¹
421 1805 495 1830 quae
516 1801 559 1822 est
578 1797 613 1822 ad
634 1802 729 1822 actum
745 1797 916 1832 simpliciter
931 1798 977 1832 qui
996 1798 1014 1812 ¹²³
1032 1802 1075 1824 est
1094 1798 1186 1824 forma
1201 1799 1408 1831 substantialis⁷
1422 1804 1449 1825 et
1465 1800 1595 1834 potentia
1610 1800 1769 1826 secundum

296 1844 364 1878 quid
380 1853 453 1878 quae
475 1849 519 1871 est
540 1845 575 1870 ad
597 1849 693 1871 actum
713 1846 872 1872 secundum
889 1846 957 1881 quid
979 1846 1026 1881 qui
1042 1848 1060 1861 ¹²¹
1080 1851 1124 1872 est
1144 1846 1237 1873 forma
1255 1848 1461 1879 accidentalis;
1483 1848 1521 1874 ita
1541 1848 1628 1874 etiarn
1649 1849 1770 1874 materia

296 1893 450 1928 dupliciter
477 1893 590 1919 dicitur.
620 1894 693 1919 Nam
724 1894 844 1920 materia
877 1895 982 1921 dicitur
1011 1900 1039 1921 et
1071 1896 1201 1930 potentia
1230 1905 1302 1930 pura
1326 1905 1400 1930 quae
1427 1901 1471 1922 est
1496 1901 1631 1931 respectu
1657 1897 1769 1923 formae

295 1942 503 1974 substantialis,
526 1946 554 1968 et
577 1943 649 1968 haec
674 1943 791 1977 proprie
807 1943 910 1969 dicitur
934 1943 1055 1969 materia
1086 1948 1114 1969 et
1143 1945 1227 1978 hyle3
1257 1949 1285 1970 et
1313 1945 1418 1970 dicitur
1444 1946 1529 1971 etiam
1557 1946 1678 1971 materia
1703 1947 1769 1972 sub-

294 1990 400 2016 stantia
427 1999 479 2016 ens
506 1995 572 2017 actu
598 1991 769 2026 simpliciter
798 1992 935 2024 existens,
963 1997 1059 2018 tamen
1088 1993 1116 2018 in
1147 1994 1277 2027 potentia
1308 1993 1344 2019 ad
1370 1998 1465 2019 actum
1493 1994 1713 2026 accidentalem,
1741 2000 1770 2021 et

294 2040 367 2065 haec
398 2039 516 2074 proprie
549 2039 653 2065 dicitur
685 2040 857 2066 subiectum.
884 2041 1004 2066 Materia
1032 2050 1102 2075 ergo
1133 2050 1208 2076 quae
1237 2046 1281 2068 est
1298 2043 1316 2057 ¹¹
1345 2042 1476 2077 potentia
1502 2043 1661 2069 secundum
1693 2044 1769 2078 quid,

294 2087 457 2114 subiectum
489 2088 602 2114 scilicet
634 2089 803 2121 accidentis,
833 2094 875 2115 est
911 2090 937 2115 in
971 2090 1092 2124 angelis,
1125 2090 1192 2124 quia
1218 2091 1380 2116 substantia
1407 2100 1505 2117 eorum
1534 2096 1577 2117 est
1604 2092 1768 2118 subiectum

293 2136 455 2171 aliquorum
479 2136 684 2163 accidentium.
703 2137 762 2164 Sed
786 2138 906 2164 materia
934 2147 1007 2173 quae
1037 2143 1081 2164 est
1110 2139 1278 2174 susceptiva
1302 2139 1413 2165 formae
1433 2140 1632 2166 substantialis
1653 2145 1681 2166 et
1701 2150 1769 2175 pars

293 2185 475 2211 substantiae
495 2186 678 2220 compositae
697 2195 754 2212 non
775 2190 873 2221 potest
894 2196 958 2213 esse
979 2187 1007 2213 in
1027 2187 1148 2222 angelis.

383 2234 447 2260 Hoc
468 2237 565 2260 autem
586 2238 667 2268 patet
687 2235 795 2269 duplici
816 2235 937 2262 ratione.
958 2251 990 2254 —
1017 2236 1113 2262 Prima
1140 2236 1206 2262 talis
1234 2241 1286 2263 est.
1315 2237 1526 2272 Quaecumque
1553 2238 1768 2264 communicant

293 2282 322 2308 in
348 2282 470 2308 materia
497 2291 571 2316 quae
598 2287 642 2309 est
668 2283 831 2309 subiectum
863 2283 975 2310 formae
995 2285 1195 2311 substantialis
1215 2290 1281 2311 sunt
1307 2286 1344 2311 ad
1370 2285 1494 2312 invicem
1527 2287 1767 2319 transmutabilia,

384 2386 433 2410 ¹et
453 2384 623 2418 secundum]
645 2385 690 2410 vel
712 2385 743 2411 C.
765 2401 797 2404 -
819 2386 828 2400 ²
848 2395 901 2412 0171.
923 2386 951 2412 P.
967 2402 999 2405 --
1020 2387 1029 2401 ³
1044 2387 1075 2412 In
1096 2387 1254 2421 exemplari
1274 2387 1400 2422 spatium
1421 2387 1505 2413 unius
1525 2388 1677 2414 columnae
1697 2389 1765 2414 add.

293 2437 389 2463 marg.
408 2434 494 2454 211711.
509 2428 546 2461 S;
567 2429 646 2454 inter
665 2428 874 2463 peripateticos
894 2432 923 2455 et
941 2430 1047 2455 Postea
1067 2430 1198 2464 spatium
1219 2439 1345 2456 vacuum
1368 2431 1524 2456 intercedit
1542 2431 1631 2456 etiam
1654 2432 1683 2457 in
1704 2433 1765 2458 cod.

291 2472 319 2497 S.
341 2487 373 2490 —
394 2473 402 2486 ¹
417 2472 632 2505 quaerebantur
647 2472 678 2497 C.
700 2488 730 2491 —
753 2473 763 2487 ὃ
778 2472 814 2498 de
829 2474 971 2506 creatura]
987 2473 1013 2498 in
1029 2473 1150 2507 speciali
1166 2473 1198 2499 C.
1219 2489 1251 2492 -
1272 2474 1282 2488 ‘³
1296 2474 1459 2508 composita
1474 2476 1528 2507 est}
1543 2479 1587 2500 est
1602 2476 1765 2510 composita

292 2515 324 2540 C.
345 2531 377 2534 -
400 2515 594 2550 ¹compositio
616 2516 647 2541 C.
671 2531 700 2534 —
722 2518 869 2550 5ἂψιιιικ.
891 2516 922 2542 C.
944 2532 976 2534 ——
997 2517 1007 2531 ⁰
1021 2525 1074 2541 0111.
1096 2517 1133 2547 ὃς
1154 2517 1220 2542 add.
1241 2524 1275 2542 2ss
1297 2527 1333 2543 m.
1354 2518 1391 2549 ὃς
1419 2518 1536 2543 omnino
1556 2518 1764 2552 immaterialis]

291 2559 387 2584 onmia
403 2558 434 2584 C.
456 2574 488 2577 —
511 2560 531 2573 ¹⁰
545 2559 740 2585 immutabiles
756 2560 785 2585 in
801 2559 989 2585 immutabilis
1004 2568 1079 2586 corr.
1095 2560 1126 2586 C.
1148 2577 1179 2579 ἠ
1203 2562 1221 2575 ¹¹
1235 2561 1367 2595 potentia
1388 2563 1468 2596 pura]
1490 2570 1560 2595 pura
1582 2562 1712 2596 potentia
1733 2562 1764 2588 C.

291 2618 323 2620 ἡ
347 2602 366 2616 ¹'-'
381 2610 456 2636 quae
471 2602 501 2628 P.
523 2618 554 2621 —
578 2603 597 2617 ¹³
611 2611 685 2636 quae
706 2603 735 2628 P.
757 2619 789 2621 —
812 2604 831 2618 ¹¹
846 2602 872 2628 in
893 2603 960 2628 add.
983 2603 1016 2629 C.

383 2692 421 2723 (1)
442 2690 501 2717 Cfr.
521 2699 569 2725 pp.
591 2692 715 2717 179-186.

1829 1399 1892 1425 cod.
1908 1400 1931 1425 C

1805 1434 1853 1460 sol.
1868 1436 1902 1461 5³5
1918 1436 1957 1460 Vb
