2493 3458
744 421 958 448 SECUNDUM
989 422 1286 456 QUODLIBETUM,
1316 422 1350 456 Q.
1377 423 1431 448 VII
1770 426 1817 449 103

345 511 585 543 terminatam¹
623 511 687 541 nisi
721 511 835 551 aliquo
868 511 1014 542 termino
1045 517 1149 542 certo.
1184 511 1255 543 Sed
1288 518 1381 543 certa
1414 512 1607 544 terminatio
1641 513 1817 545 constituit

346 574 471 601 certam
504 568 667 610 speciem,
697 574 729 599 et
757 568 802 599 ita
827 567 928 599 etiam
958 568 1170 609 impossibile
1200 574 1251 600 est
1284 579 1361 601 esse
1391 569 1516 601 animal
1550 571 1682 602 habens
1708 571 1816 612 pedes

345 632 378 658 et
395 637 466 657 non
484 627 610 657 habeat
630 625 876 657 determinatos
894 626 1012 667 pedes,
1032 626 1163 657 scilicet
1180 626 1268 657 duos
1288 627 1341 658 vel
1360 633 1522 668 quattuor
1540 628 1592 659 vel
1608 628 1816 667 huiusmodi,

345 690 378 715 et
403 683 527 715 animal
546 683 666 715 videns
696 694 761 714 nec
789 683 985 715 acutissime
1016 684 1068 715 vel
1097 683 1334 725 limpidissime
1364 691 1399 716 ut
1428 685 1551 726 aquila,
1580 696 1645 717 nec
1672 686 1817 717 obtusis-

345 741 430 774 sime
458 742 512 773 vel
537 752 608 772 non
625 740 635 757 ²
670 740 908 782 limpidissime
937 746 973 772 ut
1002 747 1139 779 noctua,
1166 752 1231 773 nec
1265 742 1380 773 medio
1417 743 1520 774 modo
1551 748 1586 774 ut
1611 743 1685 781 alia,
1712 749 1744 775 et
1769 743 1818 775 sic

346 800 389 831 de
407 799 490 830 aliis.

434 857 551 897 Quare
590 856 725 887 videtur
765 866 842 887 esse
878 856 1090 897 impossibile
1131 856 1269 897 aliquod
1317 868 1430 900 genus
1471 869 1547 890 esse
1587 858 1661 890 sine
1701 859 1818 900 specie

346 914 602 956 specialissima,
640 913 712 945 sive
745 914 840 954 quod
874 913 965 945 dicat
996 914 1140 945 formam
1172 914 1272 946 aliam
1306 926 1408 956 quam
1438 915 1663 947 differentiam
1697 916 1817 958 ipsam.

347 971 390 1004 Ut
408 972 498 1003 enim
528 971 694 1013 exemplis
713 971 914 1013 Philosophi
928 974 973 1009 (l)
1001 977 1145 1010 utamur,
1165 971 1253 1003 sicut
1271 972 1304 1003 in
1324 972 1461 1004 animali
1490 973 1616 1015 bipede
1645 985 1715 1006 non
1740 980 1820 1006 sunt

347 1030 459 1071 aliqua
492 1030 571 1067 duo,
604 1030 733 1061 habere
762 1030 870 1070 pedes
902 1035 934 1060 et
975 1022 1104 1061 habere
1137 1030 1226 1061 duos
1267 1031 1386 1071 pedes,
1420 1037 1452 1062 et
1485 1031 1518 1062 in
1552 1032 1701 1063 ternario
1741 1043 1819 1064 esse

346 1097 526 1119 numerum
544 1092 577 1118 et
602 1097 679 1118 esse
710 1086 906 1125 ternarium,
936 1086 1052 1128 itaque
1070 1087 1103 1118 in
1130 1087 1291 1119 omnibus
1317 1094 1368 1119 est
1397 1088 1667 1131 intelligendum.
1697 1090 1820 1121 Forma

346 1156 430 1188 ergo
469 1144 608 1187 generis
648 1150 810 1186 respectu
850 1144 997 1186 plurium
1038 1144 1232 1186 specierum
1273 1151 1324 1177 est
1364 1157 1432 1177 una
1471 1147 1582 1178 solum
1627 1147 1819 1178 secundum

346 1202 513 1234 rationem
542 1208 575 1233 et
604 1208 822 1243 conceptum,
853 1213 923 1233 non
954 1208 1067 1234 autem
1098 1203 1291 1234 secundum
1319 1214 1399 1242 rem,
1429 1204 1501 1235 sive
1530 1205 1610 1236 huic
1634 1204 1820 1246 conceptui

346 1270 417 1292 non
435 1260 623 1302 respondet
652 1270 720 1290 una
749 1271 803 1291 res
832 1266 925 1291 extra
943 1260 1004 1291 sed
1034 1260 1151 1301 plures
1178 1266 1339 1302 respectu
1368 1272 1511 1302 quarum
1540 1267 1653 1294 tamen
1681 1268 1821 1304 propter

347 1317 495 1359 aliquam
528 1317 763 1359 apparentiam
798 1317 832 1348 in
866 1317 914 1349 eis
940 1317 973 1348 in
1011 1317 1136 1358 quibus
1171 1318 1384 1350 conveniunt
1416 1319 1583 1351 formatur
1617 1330 1706 1351 unus
1739 1331 1820 1352 con-

347 1381 468 1417 ceptus
498 1375 599 1406 unius
628 1375 769 1406 rationis
799 1375 841 1407 de
871 1375 964 1417 ipsis.
995 1376 1096 1407 Unde
1122 1375 1204 1407 dicit
1243 1376 1552 1417 Theinistius³(2)‚
1579 1377 1668 1409 circa
1697 1377 1820 1419 princi-

347 1433 440 1474 pium
474 1434 517 1464 de
550 1433 673 1470 anima,
709 1433 801 1474 quod
834 1443 947 1475 genus
980 1438 1031 1464 est
1060 1439 1252 1475 conceptus
1292 1433 1367 1465 sine
1407 1434 1586 1476 hypostasi
1627 1435 1820 1466 summatim

347 1491 513 1523 collectus
543 1501 583 1522 ex
610 1490 731 1522 tenui⁴²
767 1490 993 1533 singularium
1027 1491 1258 1529 similitudine,
1293 1492 1429 1533 species
1459 1498 1572 1524 autem
1598 1498 1720 1524 natura
1751 1493 1821 1524 vult

347 1559 424 1580 esse
454 1549 624 1589 quaedam
654 1554 686 1579 et
715 1548 835 1579 forma.
866 1548 908 1579 Et
936 1548 1015 1579 ideo
1044 1548 1179 1591 logicus
1209 1549 1266 1590 qui
1295 1554 1347 1580 est
1380 1549 1498 1581 artifex
1533 1550 1706 1582 rationalis
1740 1551 1822 1582 dicit

347 1617 459 1649 genus
499 1605 690 1648 praedicari
734 1606 776 1637 de
816 1606 1002 1648 speciebus
1034 1606 1182 1638 univoce
1223 1612 1363 1649 propter
1402 1607 1567 1639 unitatem
1607 1608 1749 1640 rationis
1789 1614 1822 1640 et

348 1669 551 1706 conceptus,
570 1664 762 1695 secundum
789 1664 881 1705 quod
906 1675 1020 1707 genus
1047 1664 1172 1696 dicitur
1197 1664 1337 1706 aliquod
1363 1676 1469 1696 unum
1499 1666 1610 1697 solum
1628 1667 1822 1698 secundum

348 1722 536 1759 rationem3
577 1722 742 1764 physicus
776 1732 858 1753 vero
891 1721 949 1763 qui
983 1727 1034 1754 est
1066 1722 1187 1754 artifex
1227 1722 1327 1754 realis
1361 1723 1443 1755 dicit
1479 1734 1590 1766 genus
1631 1724 1822 1766 praedicari

348 1780 463 1822 aliquo
488 1780 593 1811 modo
620 1779 811 1821 aequivoce
837 1779 910 1811 sive
944 1790 1015 1811 non
1050 1770 1248 1822 simpliciter
1279 1780 1438 1819 univoce,
1465 1792 1506 1813 eo
1539 1782 1633 1823 quod
1659 1782 1717 1813 uni
1741 1793 1822 1814 con-

349 1838 464 1880 ceptui
501 1843 533 1870 et
569 1837 692 1869 rationi
729 1838 922 1869 secundum
959 1837 1169 1870 intellectum
1206 1849 1278 1870 non
1313 1839 1503 1881 respondet
1539 1850 1607 1871 una
1644 1839 1754 1871 forma
1790 1845 1823 1872 et

349 1901 471 1927 natura
498 1895 532 1927 in
558 1906 593 1927 re
614 1901 717 1934 extra,
748 1901 781 1927 et
806 1896 1000 1927 secundum
1025 1897 1093 1927 hoc
1118 1896 1223 1928 latent
1252 1896 1559 1937 aequivocationes
1579 1897 1590 1913 ⁵
1618 1897 1651 1929 in
1683 1908 1821 1940 genere.

438 1954 509 1985 Sed
534 1953 563 1985 si
588 1954 697 1985 forma
722 1953 860 1996 generis
887 1959 979 1985 esset
1004 1964 1082 1992 una,
1113 1953 1305 1986 secundum
1331 1965 1401 1986 rem
1428 1954 1590 1986 differens
1621 1966 1640 1986 a
1665 1955 1823 1987 differen-

349 2011 413 2050 tiis,
451 2011 540 2043 sicut
584 2012 706 2043 eadem
746 2011 888 2043 materia
926 2016 1041 2052 potest
1088 2012 1234 2043 subesse
1275 2011 1419 2043 diversis
1458 2012 1587 2050 formis,
1636 2012 1681 2044 ita
1722 2013 1823 2045 etiam

349 2070 471 2101 eadem
508 2069 648 2100 materia
686 2079 763 2100 cum
801 2070 922 2100 eadem
959 2069 1069 2100 forma
1105 2069 1243 2112 generis
1280 2069 1436 2111 pluribus
1472 2070 1672 2102 differentiis
1705 2077 1824 2112 posset

349 2128 505 2164 subesse,
537 2127 657 2158 saltem
690 2127 889 2158 successive
924 2133 957 2158 et
993 2127 1115 2159 eadem
1151 2138 1307 2165 numero,
1345 2129 1437 2169 quod
1467 2139 1538 2159 non
1575 2128 1745 2171 contingit
1781 2130 1823 2161 de

350 2185 467 2226 specie
502 2190 662 2226 respectu
698 2184 963 2222 individuorum,
1000 2190 1033 2216 et
1067 2184 1117 2216 sic
1153 2190 1245 2216 esset
1279 2185 1387 2216 maior
1420 2185 1531 2217 unitas
1569 2191 1601 2217 et
1626 2186 1823 2218 univocatio

349 2243 487 2285 generis
524 2248 685 2284 respectu
716 2242 910 2284 specierum
944 2253 1045 2283 quam
1087 2242 1218 2284 speciei
1255 2248 1415 2284 respectu
1448 2243 1712 2275 individuorum.
1746 2245 1824 2276 Hoc

350 2306 463 2331 autem
501 2300 624 2331 falsum
655 2306 724 2337 est3
761 2301 828 2331 hoc
865 2299 984 2331 enim⁶
1019 2300 1127 2331 solius
1163 2300 1325 2332 materiae
1362 2306 1423 2339 est,
1450 2301 1580 2333 scilicet
1605 2302 1714 2343 ipsam
1747 2313 1824 2334 esse

442 2468 448 2482 ¹
470 2471 498 2493 et
512 2483 543 2486 -
559 2467 752 2500 terminatam]
774 2476 829 2492 om.
844 2467 873 2492 P.
894 2483 926 2485 —
948 2467 957 2481 2
971 2475 1025 2492 mn.
1041 2466 1074 2492 V.
1089 2482 1121 2485 -—
1136 2467 1145 2482 ³
1167 2467 1237 2493 th'e¹’
1250 2467 1314 2493 PV.
1335 2483 1367 2486 —
1388 2469 1397 2483 ⁴
1412 2477 1466 2494 om.
1482 2468 1512 2495 P.
1534 2485 1565 2487 —
1587 2470 1596 2484 ⁵
1612 2469 1780 2504 questiones
1795 2470 1824 2496 P.

352 2527 384 2529 —
399 2512 409 2525 ⁶
428 2520 483 2537 om.
504 2511 534 2537 P.

440 2636 479 2667 (l)
501 2635 584 2667 Ibicl„
605 2634 622 2660 l.
643 2635 728 2666 V1,c.
752 2636 783 2660 12
805 2641 843 2668 (p.
866 2636 952 2665 1037).
974 2650 1005 2652 —
1026 2636 1064 2665 (2)
1086 2634 1286 2660 Themistii
1308 2635 1352 2660 De
1371 2636 1484 2668 anima,
1506 2637 1526 2669 Ι,
1550 2638 1560 2663 1
1584 2637 1640 2667 (ed.
1662 2637 1692 2663 R.
1714 2637 1825 2664 Heinze

353 2678 569 2704 Commentaria
590 2678 617 2703 in
637 2678 826 2704 Aristotelem
847 2686 962 2711 graeca,
977 2678 1033 2703 vol,
1048 2678 1081 2709 V,
1100 2686 1167 2712 pars
1187 2679 1210 2710 3,
1225 2686 1291 2712 pag.
1306 2680 1342 2707 3).
1362 2679 1396 2704 T«)
1411 2679 1456 2711 μὲν
1470 2680 1520 2714 γὰρ
1535 2679 1607 2715 γένος
1626 2679 1739 2713 ἐννόημά
1759 2679 1825 2707 ἐστιν

354 2720 532 2747 ἀνυπόστατον
552 2720 574 2750 ἐξ
596 2720 713 2755 ἀμυδρὶς
732 2723 783 2746 τῶν
803 2719 859 2746 καθ’
881 2721 985 2750 ἕκαστα,
1006 2720 1035 2746 τὸ
1054 2720 1082 2746 δὲ
1101 2721 1166 2750 εἶδης
1186 2720 1258 2755 φύσις
1277 2730 1313 2750 τις
1334 2721 1395 2747 εἶναι
1415 2721 1536 2755 βούλεται
1555 2723 1598 2748 καὶ
1617 2722 1715 2756 μορφή.
