2493 3458
531 1249 594 1276 eod.
609 1249 631 1275 P

502 1284 550 1311 fol.
565 1287 609 1311 141
623 1285 664 1311 Vb

685 432 719 456 64
1049 428 1236 456 MAGlSTRl
1267 428 1483 455 GODEFRIDI
1514 428 1565 454 DE
1594 428 1789 455 FONTIBUS

686 519 800 561 pluvia
838 530 907 550 non
949 518 1124 556 existente,
1156 517 1234 559 quia
1272 517 1382 549 existit
1419 528 1538 549 semen
1579 518 1631 548 vel
1671 528 1790 558 vapor,
1823 529 1885 548 «της
1923 518 1956 548 in
1997 517 2150 558 potentia

686 587 766 608 rosa
795 577 846 608 vel
881 576 993 618 pluvia
1013 576 1029 615 ¹,
1059 582 1091 607 et
1121 586 1229 615 agens
1263 580 1387 616 potens
1420 575 1533 606 facere
1563 586 1612 606 ea.
1644 575 1683 606 Et
1713 575 1792 606 ideo
1827 574 1951 606 <licitur
1986 586 2063 606 rosa
2099 575 2150 606 vel

686 633 801 676 pluvia
829 644 907 665 esse
935 633 1049 674 aliquo
1086 633 1200 671 modo,
1230 638 1263 664 et
1299 643 1375 663 esse
1411 642 1489 663 rosa
1519 632 1571 663 vel
1609 632 1722 673 pluvia
1759 632 1790 663 in
1829 632 1983 673 potentia
2016 637 2048 663 et
2081 643 2150 663 non

686 691 884 733 simpliciter
920 697 952 722 et
988 690 1019 721 in
1057 696 1145 727 actu,
1179 689 1211 721 in
1250 689 1403 730 potentia
1440 689 1576 730 quidem
1615 700 1703 730 quae
1740 695 1790 720 est
1831 689 1956 730 aliquid
1999 689 2150 730 ipsorum

687 748 914 781 essentialiter
949 748 1028 789 quia
1065 747 1096 778 in
1135 746 1289 788 potentia
1325 746 1399 778 eius
1435 747 1527 787 quod
1565 752 1680 777 natum
1718 753 1769 778 est
1810 747 1926 778 reduci
1965 746 1996 777 in
2038 753 2150 777 actum

687 807 895 848 completum
928 805 1120 837 secundum
1154 815 1254 845 quern
1282 804 1480 845 simpliciter
1505 810 1585 835 nata
1611 810 1690 835 sunt
1715 814 1790 835 esse
1818 803 1849 835 in
1876 814 1953 835 esse
1979 803 2152 835 essentiali

687 869 720 895 et
745 874 821 895 esse
847 862 1048 895 existentiae
1074 862 1106 893 in
1133 872 1169 894 se
1195 861 1288 903 ipsis.
1307 862 1530 902 Quandoque
1546 862 1556 877 “-’
1581 867 1694 892 aun-m
1722 862 1851 892 liabent
1871 872 1948 892 esse
1968 860 2153 892 virtualiter

1183 919 1194 935 ³
1230 930 1299 950 non
1335 918 1607 959 ingredientibus
1642 919 1792 959 ipsorum
1828 918 2023 949 essentiam.
2055 925 2089 949 ut
2119 918 2151 949 in

686 921 797 952 solum
823 921 855 952 in
882 920 952 951 suis
978 919 1153 962 principiis

687 978 840 1020 potentia
870 977 931 1010 Dei
963 977 1020 1019 qui
1039 978 1050 994 ⁴
1086 977 1218 1008 ratione.
1249 986 1332 1008 suae
1368 976 1520 1007 infinitae
1550 975 1770 1017 perfectitmis
1807 976 2065 1016 quodaminodo
2101 983 2152 1007 est

687 1035 801 1067 onmia
830 1035 862 1067 in
893 1035 1024 1071 virtute,
1054 1034 1126 1066 sive
1155 1034 1269 1065 omnia
1302 1034 1560 1074 quodammodo
1598 1033 1783 1064 virtualiter
1816 1033 1848 1064 in
1882 1044 1919 1064 se
1951 1033 2084 1064 habens
2121 1039 2153 1064 et

687 1104 727 1125 ex
756 1105 793 1124 se
823 1093 1014 1135 producere
1043 1098 1176 1134 potens.
1196 1097 1228 1122 vt
1257 1102 1325 1122 non
1356 1091 1466 1121 solum
1497 1097 1549 1122 est
1573 1102 1613 1122 ea
1639 1101 1870 1130 cognoscens.
1898 1090 1939 1122 Et
1964 1090 2012 1121 siv
2037 1090 2154 1121 omnia

687 1151 848 1182 creabilia
880 1161 968 1191 quae
1005 1149 1100 1181 nec⁵
1137 1155 1217 1180 sunt
1250 1148 1282 1179 in
1315 1148 1438 1190 seipsis
1473 1148 1659 1179 formaliter
1695 1158 1760 1179 nec
1794 1148 1825 1179 in
1865 1148 1980 1189 aliquo
2013 1159 2152 1179 suorum

1240 1206 1251 1221 ‘³
1275 1205 1461 1237 virtualiter
1485 1206 1614 1236 liabent
1639 1216 1718 1236 esse
1747 1205 1778 1236 in
1815 1205 1889 1236 Deo
1923 1205 2015 1236 dicto
2049 1205 2153 1236 modo

689 1207 932 1250 principiorum
959 1207 1219 1238 intrinsecorum

687 1272 724 1298 ut
748 1266 780 1297 in
807 1276 869 1297 sua
894 1275 1010 1302 causa,
1035 1264 1150 1295 omnia
1187 1267 1190 1302 Ι
1227 1263 1437 1297 continente,
1463 1274 1679 1303 cognoscere
1700 1262 1710 1278 ⁷
1727 1270 1758 1293 et
1786 1263 1977 1303 producere
2004 1268 2154 1304 potente,

688 1323 744 1365 qui
770 1334 811 1355 eo
836 1323 928 1364 quod
955 1321 1005 1353 sic
1031 1321 1161 1353 ratione
1187 1332 1270 1352 suae
1296 1320 1448 1352 infinitzu¹
1475 1320 1698 1361 perfectionis
1726 1320 1880 1351 continet
1905 1320 2020 1351 omnia
2046 1327 2078 1351 et
2104 1325 2155 1351 est

687 1386 807 1412 natura
836 1391 967 1411 summe
997 1378 1245 1415 intellectualis,
1275 1384 1326 1409 est
1355 1378 1455 1409 etiam
1478 1380 1487 1390 “
1515 1377 1629 1408 omnia
1657 1377 1905 1419 perfectissime
1931 1388 2154 1417 cognoscens

686 1439 877 1470 secundum
903 1437 1054 1468 rationes
1079 1436 1207 1467 ideales
1232 1446 1321 1476 quae
1347 1435 1508 1467 (licuntur
1526 1435 1655 1466 forma(-
1674 1435 1771 1476 quasi
1798 1435 2011 1476 exemplam-*s
2033 1445 2155 1467 secun-

686 1497 766 1527 dum
800 1506 886 1536 quas
915 1494 1087 1525 essentiae
1115 1504 1225 1525 rerum
1255 1494 1299 1524 ab
1332 1499 1474 1524 aeterno
1509 1494 1637 1524 liabent
1667 1503 1744 1524 esse
1777 1492 1965 1532 cognitum,
1999 1499 2033 1524 et
2061 1490 2154 1533 quod

686 1559 766 1584 sunt
795 1552 964 1584 essentiae
994 1562 1063 1583 non
1093 1551 1158 1582 iam
1189 1550 1323 1582 realiter
1351 1550 1423 1582 sive
1453 1550 1640 1581 formaliter
1668 1550 1782 1591 aliquo
1809 1550 1913 1581 modo
1939 1550 1972 1581 in
1998 1561 2038 1593 se
2061 1549 2155 1591 ipsis,

687 1611 746 1642 sed
773 1616 904 1642 tantum
930 1609 1116 1640 virtualiter
1141 1614 1173 1639 et
1199 1608 1230 1639 in
1258 1607 1421 1649 potentia.

776 1668 816 1699 Et
844 1667 1036 1699 secundum
1065 1667 1132 1697 hoc
1161 1665 1275 1697 omnia
1305 1665 1358 1696 illa
1396 1676 1485 1706 quae
1520 1665 1703 1706 important
1743 1676 1796 1696 res
1827 1665 1858 1696 in
1890 1676 2000 1696 rerum
2033 1671 2155 1696 natura

687 1733 784 1757 natas
816 1725 960 1757 existere
989 1724 1150 1755 (licuntur
1177 1723 1361 1764 importare
1391 1733 1488 1754 veras
1515 1723 1684 1754 essentias
1713 1723 1764 1753 vel
1791 1730 1930 1754 naturas
1955 1722 2027 1753 sive
2059 1722 2155 1763 quid-

687 1783 810 1815 ditates
839 1784 882 1814 de
909 1782 1034 1824 quibus
1061 1792 1140 1813 vere
1170 1787 1221 1813 est
1250 1780 1393 1812 scientia
1426 1780 1498 1812 sive
1527 1780 1673 1812 existant
1702 1780 1774 1812 sive
1804 1791 1872 1811 non
1903 1780 2062 1817 existant,
2091 1791 2154 1821 pro

687 1847 815 1883 quanto
833 1839 1029 1872 huiusmodi
1059 1838 1231 1871 essentiae
1261 1838 1312 1869 vel
1342 1849 1396 1869 res
1425 1844 1526 1869 natae
1552 1844 1631 1869 sunt
1659 1848 1737 1869 esse
1756 1838 1788 1868 in
1816 1849 1927 1869 rerum
1953 1844 2074 1868 natura
2099 1837 2152 1869 vel

686 1898 736 1930 sic
752 1899 845 1940 quod
875 1898 940 1929 iam
969 1903 1058 1928 sunt.
1079 1896 1120 1927 Et
1147 1901 1227 1927 sunt
1251 1895 1424 1927 essentiae
1453 1902 1531 1927 actu
1561 1895 1593 1926 in
1621 1906 1658 1927 se
1684 1895 1767 1936 ipsis
1797 1895 1848 1927 vel
1875 1901 1955 1926 sunt
1979 1895 2154 1926 essentiae

687 1956 720 1988 in
739 1955 892 1997 potentia
917 1955 949 1986 in
976 1954 1047 1985 suis
1077 1953 1191 1985 causis
1220 1960 1256 1984 ut
1280 1953 1408 1985 dictum
1428 1959 1488 1985 est.
1511 1953 1611 1984 Unde
1637 1963 1715 1984 rosa
1744 1963 1814 1984 non
1843 1952 1995 1984 existens
2021 1952 2156 1984 videtur

687 2013 872 2055 importare
912 2022 1025 2044 veram
1062 2011 1247 2043 essentiam
1288 2010 1635 2052 praedicamentalem
1675 2011 1719 2042 de
1758 2020 1888 2053 genere
1928 2010 2154 2047 substantiae,

687 2081 757 2102 non
776 2070 869 2112 quod
895 2080 973 2101 rosa
997 2069 1073 2111 ipsa
1092 2068 1102 2085 ⁹
1127 2074 1206 2100 actu
1231 2068 1274 2100 sit
1298 2067 1354 2099 illa
1379 2067 1530 2100 essentia
1556 2068 1607 2099 vel
1634 2067 1677 2098 sit
1701 2067 1893 2099 substantia
1912 2067 1964 2099 vel
1994 2068 2057 2098 flos
2076 2072 2155 2099 actu

688 2128 761 2160 sive
785 2127 864 2169 quia
889 2133 967 2158 actu
989 2126 1012 2143 ¹⁰
1036 2127 1162 2158 habeat
1188 2125 1386 2157 huiusmodi
1415 2125 1622 2162 ess-entiam,-
1640 2126 1702 2157 sed
1728 2125 1807 2166 quia
1833 2125 1866 2156 id
1892 2125 1984 2166 quod
2015 2124 2155 2156 nomine

688 2196 788 2218 rosae
828 2183 1098 2227 apprehenditur
1131 2190 1248 2215 natum
1285 2189 1336 2215 est
1368 2185 1446 2215 esse
1481 2188 1560 2214 actu
1596 2183 1628 2214 in
1665 2193 1776 2214 rerum
1809 2189 1930 2214 natura
1962 2183 2154 2214 secundum

688 2243 781 2284 quod
799 2241 1070 2284 apprehenditur
1087 2246 1119 2272 et
1136 2241 1202 2272 iam
1220 2247 1271 2272 est
1289 2241 1323 2272 in
1348 2240 1503 2282 potentia
1520 2246 1553 2272 et
1578 2240 1700 2272 virtute
1726 2250 1867 2271 suorum
1895 2239 2154 2282 principiorum.

689 2301 785 2334 Sicut
822 2299 912 2332 enim
947 2299 1221 2340 unumquodque
1255 2308 1368 2341 genus
1401 2297 1670 2339 praedicamenti
1707 2297 1869 2329 dividitur
1903 2297 1937 2328 in
1977 2303 2090 2329 actum
2123 2303 2156 2328 et

688 2357 887 2400 potentiam,
905 2362 941 2388 ut
968 2356 1160 2388 substantia
1189 2355 1222 2387 in
1251 2355 1479 2387 substantiam
1509 2361 1587 2387 actu
1617 2361 1650 2387 et
1677 2355 1905 2386 substantiam
1930 2355 1964 2386 in
1990 2355 2155 2396 potentia,

688 2416 733 2448 ita
772 2422 805 2447 et
844 2415 1117 2456 unumquodque
1157 2413 1333 2455 pertinens
1373 2413 1416 2444 ad
1453 2413 1726 2454 unumquodque
1756 2423 1870 2455 genus
1911 2418 1947 2443 ut
1982 2413 2088 2444 homo
2121 2412 2154 2443 in

688 2478 767 2505 actu
799 2478 832 2504 et
859 2473 965 2504 homo
991 2471 1026 2503 in
1055 2471 1209 2513 potentia
1238 2476 1271 2503 et
1299 2476 1422 2502 cetera.
1452 2470 1526 2502 Nec
1552 2470 1675 2502 dicitur
1699 2470 1826 2511 aliquid
1855 2480 1933 2502 esse
1958 2469 2154 2501 substantia

778 2629 785 2643 ¹
798 2636 856 2653 non
876 2626 1018 2652 existente
1034 2642 1064 2645 —
1079 2625 1187 2660 pluvia]
1208 2634 1263 2651 om.
1284 2625 1312 2650 P.
1329 2641 1360 2643 —
1381 2625 1391 2639 ‘³
1405 2624 1521 2659 quando
1536 2624 1565 2650 Ρ.
1589 2640 1619 2643 -
1639 2625 1650 2639 ⁸
1669 2629 1698 2650 ct
1717 2624 1786 2650 add.
1807 2624 1836 2649 P.
1853 2640 1884 2643 —-
1906 2626 1914 2638 ¹
1935 2624 1962 2650 in
1983 2624 2051 2649 add.
2072 2623 2102 2649 P.
2121 2638 2156 2643 -

689 2673 699 2687 ⁵
720 2680 795 2697 nunc
816 2671 845 2696 P.
861 2686 893 2689 —-
908 2671 918 2685 ⁶
940 2670 1166 2696 extrinsecorum
1187 2669 1216 2695 P.
1230 2684 1261 2687 —
1274 2669 1282 2683 ἲ
1305 2672 1503 2703 cognoscente
1524 2668 1554 2700 P,
1577 2676 1758 2702 cognoscere
1782 2674 1815 2693 2(Ι
1839 2677 1876 2693 m.
1896 2667 1926 2693 Ρ.
1942 2683 1973 2686 -
1995 2668 2004 2681 ⁸
2027 2667 2101 2693 enim
2124 2666 2155 2693 P.

689 2731 722 2734 —
736 2716 746 2730 ⁹
759 2714 808 2741 illa
823 2715 852 2740 P.
867 2730 899 2733 —
916 2714 936 2728 ¹⁰
950 2717 1032 2739 actus
1046 2713 1075 2739 P.
