2493 3458
734 405 947 431 SECUNDUM
981 404 1276 439 QUODLIBETUM,
1308 404 1343 438 Q.
1373 404 1383 429 l
1756 405 1790 428 49

326 495 491 528 declarari
519 494 714 536 specialiter
739 495 781 525 de
807 494 919 525 anima
946 494 1082 529 Christi,
1108 494 1218 534 primo
1245 504 1286 525 ex
1310 494 1377 524 hoc
1403 493 1495 533 quod
1521 492 1631 535 magis
1657 491 1790 523 videtur

326 553 482 594 impediri
511 552 624 583 anima
654 552 688 582 in
718 558 796 583 actu
824 551 993 582 fruitionis
1021 552 1144 582 beatae
1170 562 1230 592 per
1255 551 1394 581 modum
1420 549 1616 580 huiusmodi
1641 550 1790 580 abstrac-

325 611 428 642 tionis
444 611 497 641 vel
521 609 761 647 distractionis,
789 620 829 640 ex
855 609 973 640 dolore
998 615 1031 640 et
1055 608 1188 639 tristitia
1212 608 1247 639 in
1272 607 1435 649 potentiis
1460 607 1594 638 animae
1619 606 1790 638 sensitivis

325 667 486 699 radicatis
504 667 538 698 in
557 668 677 698 eadem
696 666 846 698 essentia
865 666 999 697 animae
1018 666 1051 696 in
1069 677 1136 706 qua
1153 666 1351 697 radicantur
1367 664 1542 706 potentiae
1560 664 1791 696 mediantibus

325 725 450 767 quibus
467 725 596 763 fruitur,
615 735 717 765 quam
735 735 775 755 ex
793 725 867 755 sola
884 723 1039 765 corporis
1056 723 1226 761 carentia3
1253 729 1285 754 et
1310 734 1388 754 cum
1413 722 1611 754 huiusmodi
1637 722 1734 753 dolor
1759 728 1791 753 et

323 782 457 814 tristitia
480 783 669 813 vehemens
695 781 941 823 perfectionem
969 781 1137 811 fruitionis
1162 781 1196 811 in
1222 780 1361 812 Christo
1385 791 1455 811 non
1482 779 1667 821 impedivit,
1686 790 1790 820 quare

324 851 390 872 nec
410 839 582 881 separatio
608 839 743 870 animae
768 850 787 870 a
813 849 958 879 corpore
984 838 1168 879 impedivit.
1196 858 1235 860 —
1262 838 1339 869 Hoc
1364 837 1491 869 etiam1

1517 837 1672 869 secundo
1699 842 1792 878 patet

324 903 485 939 respectu
510 897 759 938 cuiuscumque
785 896 929 934 animae,
956 896 1086 927 seilicet
1112 896 1204 937 quod
1230 901 1370 937 propter
1386 895 1584 926 huiusmodi
1602 885 1791 936 appetitum

325 955 586 987 administrandi
605 965 732 995 corpus
751 964 821 985 non
840 954 1034 985 distrahitur
1058 955 1100 984 ab
1127 958 1205 985 actu
1230 953 1463 991 beatitudinis,
1491 953 1568 993 quia
1594 952 1792 983 huiusmodi

325 1013 498 1055 appetitus
524 1013 567 1043 ad
588 1012 753 1044 unionem
771 1022 849 1043 cum
867 1022 1013 1052 corpore
1031 1022 1115 1052 pure
1133 1011 1296 1042 naturalis
1314 1016 1347 1042 et
1365 1016 1416 1042 est
1433 1010 1467 1041 in
1489 1010 1639 1042 essentia
1656 1009 1792 1041 animae

326 1076 426 1112 prout
443 1071 548 1102 habet
564 1080 691 1111 corpus
716 1081 815 1100 suum
842 1068 1111 1100 substantialiter
1135 1069 1301 1110 perficere
1326 1068 1381 1100 cui
1406 1069 1595 1110 respondet
1619 1067 1792 1109 appetitus

327 1139 368 1160 ex
386 1133 480 1169 parte
499 1127 653 1169 corporis
671 1138 740 1168 quo
758 1126 889 1168 appetit
907 1126 1024 1167 perfici
1043 1127 1085 1157 ab
1104 1126 1218 1157 anima
1235 1132 1268 1158 et
1293 1137 1312 1157 a
1337 1137 1400 1157 sua
1424 1127 1532 1157 forma
1558 1125 1792 1163 substantiali;

326 1191 359 1217 et
387 1191 440 1217 est
467 1185 579 1216 solum
608 1185 779 1225 quaedam
812 1184 970 1215 habilitas
1004 1184 1166 1215 naturalis
1200 1184 1243 1215 ad
1276 1190 1427 1215 mutuam
1461 1183 1634 1215 unionem.
1665 1183 1707 1214 Et
1742 1189 1794 1215 est

326 1242 525 1274 huiusmodi
540 1242 713 1284 appetitus
731 1242 848 1273 similis
874 1242 1039 1283 appetitui
1064 1242 1209 1272 naturali
1234 1241 1418 1273 voluntatis
1444 1242 1487 1272 ad
1512 1242 1642 1273 bonum
1667 1241 1793 1283 simpli-

327 1300 409 1332 citer
434 1311 536 1341 quem
561 1301 665 1331 habet
690 1299 771 1331 nihil
797 1299 939 1331 omnino
965 1300 1103 1336 volens;
1130 1305 1163 1331 et
1187 1305 1239 1331 est
1264 1299 1452 1340 aequaliter
1476 1299 1510 1330 in
1540 1299 1731 1330 dormiente
1760 1304 1793 1330 et

326 1357 507 1401 vigilante3
535 1358 626 1389 unde
652 1358 810 1388 voluntas
837 1363 872 1388 ut
897 1358 1055 1388 voluntas
1082 1363 1133 1388 est
1157 1363 1190 1389 et
1207 1362 1286 1388 actu
1304 1357 1424 1388 volens
1442 1357 1477 1388 in
1494 1368 1558 1388 suo
1578 1362 1657 1388 actu
1675 1357 1718 1388 ab
1736 1356 1792 1388 illo

327 1416 482 1457 appetitu
499 1415 534 1447 in
552 1416 646 1446 nullo
665 1416 850 1456 dependet,
869 1426 975 1456 quare
993 1426 1106 1456 neque
1125 1415 1379 1455 [de]retrahitur
1395 1414 1406 1431 ²
1421 1420 1479 1446 aut
1495 1416 1695 1446 retardatur.

415 1474 517 1506 Unde
552 1473 771 1516 Augustinus
812 1474 878 1504 hoc
914 1472 1064 1504 innuens
1099 1483 1169 1503 non
1206 1472 1288 1504 dixit
1323 1473 1505 1504 absolute:
1546 1487 1556 1499 <⁴
1586 1472 1666 1514 quia
1705 1472 1794 1504 inest

328 1531 358 1563 ei
387 1531 525 1573 quidam
554 1531 727 1572 appetitus
756 1530 918 1561 naturalis
950 1544 974 1569 >›,
1004 1531 1066 1561 sed
1094 1531 1159 1562 sub
1188 1530 1420 1562 disiunctione
1449 1530 1532 1561 dixit
1555 1542 1561 1561 2
1594 1544 1605 1558 ‹<
1632 1531 1704 1562 sive
1730 1530 1794 1561 alia

327 1589 508 1621 latentiore
543 1599 698 1620 causa».
733 1588 830 1619 Haec
863 1598 947 1630 ergo
979 1598 1085 1619 causa
1122 1593 1174 1619 est
1210 1588 1463 1631 investiganda.
1499 1588 1579 1619 Non
1615 1588 1705 1619 enim
1744 1593 1795 1620 est

327 1652 469 1688 propter
494 1646 765 1677 subtractionem
794 1645 938 1677 alicuius
967 1645 1169 1687 pertinentis
1198 1646 1241 1676 ad
1270 1645 1418 1677 animam
1446 1645 1566 1687 ipsam,
1595 1656 1661 1677 nec
1690 1656 1795 1687 quan-

327 1710 398 1735 tum
433 1704 477 1735 ad
510 1703 584 1735 eius
617 1703 800 1744 potentias,
835 1714 900 1735 nec
938 1703 1039 1734 etiarn
1068 1708 1233 1744 quantum
1266 1703 1310 1734 ad
1342 1703 1452 1745 ipsam
1485 1703 1681 1735 essentiam.
1707 1704 1795 1735 Nam

327 1761 503 1804 potentiae
531 1772 620 1803 quae
648 1766 728 1792 sunt
756 1761 950 1792 intellectus
979 1766 1012 1792 et
1036 1761 1196 1792 voluntas
1213 1760 1232 1799 ³,
1262 1761 1493 1792 mediantibus
1522 1761 1647 1803 quibus
1676 1761 1796 1792 fruitur

326 1819 450 1858 anima,
474 1819 567 1851 nullo
592 1819 697 1850 modo
722 1820 765 1850 ab
791 1819 866 1860 ipsa
888 1818 1027 1850 anima4
1051 1819 1308 1857 subtrahuntur,
1334 1830 1400 1851 nec
1425 1819 1527 1851 etiam
1553 1819 1652 1862 vigor
1677 1830 1795 1850 eorum

329 1877 527 1909 diminuitur
551 1887 629 1909 cum
654 1882 833 1918 separatur
850 1876 973 1915 anima,
992 1875 1071 1917 quia
1089 1887 1129 1908 ex
1147 1877 1214 1907 hoc
1231 1877 1361 1908 habent
1377 1876 1531 1919 vigorem
1556 1888 1625 1918 quo
1650 1882 1797 1918 possunt

328 1935 362 1966 in
378 1934 389 1951 ⁵
406 1945 489 1966 suos
510 1940 607 1966 actus
632 1934 726 1975 quod
751 1940 831 1965 sunt
855 1935 1050 1965 abstractae
1068 1945 1087 1965 a
1105 1933 1245 1965 materia
1263 1940 1295 1966 et
1313 1935 1406 1975 quod
1424 1940 1504 1966 sunt
1521 1934 1555 1965 in
1570 1934 1581 1950 ὃ
1605 1934 1798 1966 substantia

329 1992 551 2024 immateriali.
581 1992 683 2023 Nunc
714 1997 828 2023 autem
858 1991 891 2022 in
921 1991 1035 2022 anima
1063 1997 1223 2033 separata
1251 2002 1321 2023 non
1350 1992 1463 2023 minus
1495 1998 1575 2023 sunt
1605 1993 1797 2024 abstractae

329 2061 432 2092 quam
458 2050 493 2081 in
521 2050 718 2082 coniuncta.
748 2049 822 2081 Nec
851 2049 952 2081 etiam
981 2049 1191 2081 subtrahitur
1216 2050 1258 2081 ab
1286 2049 1400 2081 anima
1429 2061 1470 2081 ex
1497 2055 1593 2092 parte
1626 2050 1798 2082 essentiae

330 2107 438 2150 ipsius
464 2107 610 2146 animae,
636 2118 714 2138 cum
739 2107 782 2138 sit
806 2107 948 2138 omnino
974 2107 1210 2149 incorporalis.

418 2165 475 2196 Ad
502 2165 690 2197 videndum
720 2176 805 2207 ergo
834 2165 916 2206 quid
945 2165 987 2196 sit
1016 2176 1121 2197 causa
1154 2165 1347 2197 secundum
1375 2165 1471 2205 istos,
1506 2165 1798 2198 considerandum

331 2224 425 2264 quod
465 2223 498 2254 in
532 2223 626 2254 omni
659 2222 795 2254 actione
833 2223 1045 2264 procedente
1082 2224 1124 2254 ab
1158 2229 1284 2266 agente
1313 2229 1364 2255 est
1392 2223 1613 2255 considerare
1642 2223 1676 2255 id
1705 2224 1799 2265 quod

331 2280 402 2323 agit
418 2281 512 2322 quod
537 2286 589 2312 est
612 2291 667 2312 res
693 2280 768 2322 ipsa
793 2281 927 2312 habens
949 2281 1116 2312 rationem
1142 2281 1314 2322 suppositi
1339 2281 1493 2321 (istorum
1519 2281 1647 2313 dictum
1673 2282 1707 2313 in
1731 2283 1799 2314 hoc

331 2349 449 2370 verum
487 2344 548 2377 est,
577 2339 639 2369 sed
677 2338 938 2381 intelligendum
978 2344 1029 2370 est
1066 2340 1132 2370 hoc
1152 2338 1163 2354 ⁷
1200 2338 1228 2370 si
1255 2339 1383 2370 habeat
1422 2339 1589 2371 rationem
1629 2339 1799 2381 suppositi

332 2396 526 2427 secundum
561 2396 702 2427 modum
738 2401 882 2427 naturae
911 2406 995 2427 suae
1032 2396 1204 2437 completa
1231 2401 1265 2428 et
1292 2396 1447 2438 perfecta
1477 2396 1652 2437 existens),
1679 2402 1712 2429 et
1735 2397 1770 2428 id
1789 2397 1800 2413 Β

332 2464 401 2495 quo
430 2453 501 2496 agit
526 2454 621 2495 quod
649 2459 700 2485 est
731 2453 938 2495 principium
970 2454 1165 2485 absolutum
1194 2454 1337 2486 formale
1362 2454 1397 2485 in
1428 2465 1463 2486 re
1497 2454 1572 2496 ipsa
1606 2465 1694 2496 quae
1719 2455 1798 2498 agit.

424 2608 521 2634 ¹enim
540 2609 570 2635 P.
591 2625 623 2627 —
644 2609 654 2623 ‘2
668 2608 828 2635 detrahitur
847 2609 877 2634 P.
892 2624 924 2628 -—-
944 2609 954 2624 ³
977 2608 1141 2634 intellectus
1161 2612 1190 2634 et
1209 2608 1354 2642 voluntas]
1378 2609 1513 2635 voluntas
1538 2613 1566 2635 et
1585 2609 1750 2636 intellectus
1770 2610 1800 2635 P.

280 2643 829 2684 *v-‘0m.P.—⁵om.P.—⁶sub
850 2653 880 2678 Ρ.
902 2668 933 2671 -—
956 2653 1032 2678 Tom.
1052 2652 1082 2678 P.
1103 2668 1135 2671 —
1156 2652 1250 2678 ⁸illud
1269 2652 1299 2678 P.

1681 2699 1695 2723 7
