2493 3458
645 445 697 468 210
1010 440 1197 467 ΜΑ(ὶ18ΤΚΙ
1229 440 1446 466 GODEFRIDI
1478 440 1528 466 01⁴:
1557 439 1754 466 Fox‘rfflt's

736 532 879 573 Propter
903 531 996 572 quod
1023 541 1087 562 nec
1113 530 1166 561 illa
1204 530 1312 561 forma
1338 540 1427 560 nova
1464 529 1567 560 (lebet
1600 529 1667 560 dici
1704 535 1882 571 assumpta
1918 529 2057 571 proprie
2083 535 2117 561 et

648 601 709 632 per
745 601 792 628 se,
827 588 906 630 quia
942 598 1007 620 nec
1045 594 1080 619 ut
1112 587 1250 628 aliquod
1287 598 1350 619 ens
1387 587 1578 618 secundum
1612 598 1648 617 se
1686 598 1750 618 nec
1788 592 1822 618 ut
1859 598 1936 629 pars
1973 587 2117 619 alicuius

648 646 830 689 compositi
850 657 910 688 per
935 658 971 677 ‚se
997 651 1030 677 et
1055 645 1165 686 primo
1191 645 1263 676 sive
1290 644 1488 686 principalis
1507 644 1684 686 assumpti,
1712 645 1772 676 secl
1798 651 1912 676 tamen
1932 644 2118 686 improprie

648 711 681 737 et
707 716 767 747 per
792 703 965 742 accidens,
991 703 1120 734 scilicet
1147 709 1180 734 ut
1213 702 1363 734 existens
1396 702 1428 733 in
1468 712 1528 744 per
1564 714 1602 733 se
1638 708 1827 744 assumpto,
1854 702 1926 734 sive
1951 709 1987 734 ut
2012 713 2117 734 unum

649 763 801 795 existens·
826 773 903 793 cum
930 761 1015 803 ipso.
1042 762 1129 792 (jum
1156 760 1246 791 enim
1273 759 1423 798 materia,
1451 760 1643 791 secundum
1670 759 1751 791 illud
1787 761 1880 802 quod
1915 765 1967 792 est
2002 770 2119 792 essen-

648 820 780 857 tialiter,
821 819 863 850 sit
907 818 1034 860 aliquid
1075 818 1166 849 aliud
1207 818 1280 850 sive
1327 817 1392 849 alia
1432 817 1582 849 essentia
1623 818 1666 849 ab
1706 828 1748 849 eo
1788 818 1882 859 quod
1922 823 1974 850 est
2009 818 2120 850 forma

649 878 841 910 secundum
877 876 909 908 id
946 876 1040 917 quod
1077 882 1138 914 est,
1164 875 1252 907 sicut
1288 876 1480 907 secundum
1509 882 1680 917 ponentes
1712 886 1816 917 posse
1842 875 2016 908 materiam
2043 886 2120 908 esse

649 936 723 967 sine
749 934 842 966 omni
877 935 987 966 forma
1014 934 1116 965 Filius
1155 933 1217 965 Dei
1255 940 1374 975 posset
1407 933 1549 974 intelligi
1583 933 1699 964 illum'
1726 933 1758 964 in
1786 933 1915 965 unitate
1949 933 2121 975 suppositi

650 993 713 1025 sibi
755 993 881 1030 unisse,
913 992 964 1023 vel
1007 991 1135 1023 unitam
1169 991 1324 1025 retinere,
1351 1010 1390 1014 —
1418 991 1460 1022 ita
1495 990 1594 1022 etiam
1629 1002 1697 1022 non
1731 992 1892 1022 obstante
1923 991 2017 1032 quod
2049 1002 2121 1023 non

651 1052 777 1083 habeat
803 1062 880 1081 esst·
917 1050 949 1081 in
988 1049 1122 1081 animae
1159 1048 1379 1091 separatione
1412 1048 1486 1080 sine
1519 1060 1608 1080 nova
1646 1049 1765 1087 forma,
1792 1049 1871 1090 quia
1907 1055 2020 1081 tamen
2047 1048 2122 1091 ipsa

652 1108 801 1141 essentia
844 1107 1005 1139 materiae
1045 1118 1115 1138 non
1149 1113 1200 1138 cst
1240 1106 1314 1148 ipsa
1350 1106 1500 1138 essentia
1538 1106 1678 1145 formae,
1719 1113 1834 1148 potest
1873 1106 2015 1149 intelligi
2047 1107 2123 1149 ipsa

651 1166 791 1198 materia
829 1165 922 1196 unita
954 1165 1046 1196 (licto
1084 1165 1189 1196 modo
1217 1170 1250 1196 et
1281 1175 1351 1196 non
1380 1164 1455 1206 ipsa
1493 1164 1611 1195 forma.
1645 1164 1736 1205 Quia
1773 1170 1886 1196 tamen
1924 1164 1977 1196 illa
2013 1164 2123 1196 forma

651 1225 843 1256 secundum
874 1234 910 1255 se
941 1234 1010 1254 non
1049 1228 1100 1254 est
1137 1221 1341 1260 subsistens,
1371 1227 1508 1263 oportet
1537 1222 1630 1263 quod
1662 1221 1737 1263 ipsa
1769 1232 1837 1254 una
1868 1232 1946 1254 cum
1983 1222 2124 1254 materia

652 1282 693 1314 sit
741 1282 914 1323 quoddam
955 1280 1172 1322 suppositum
1215 1279 1246 1311 in
1288 1290 1325 1312 se
1365 1279 1559 1311 subsistens
1599 1280 1652 1312 vel
1692 1280 1786 1321 quod
1827 1279 1900 1322 ipsa
1940 1291 2008 1312 una
2045 1290 2122 1312 cum

653 1339 790 1371 materia
819 1339 949 1370 facit-ns
981 1349 1085 1370 unum
1113 1337 1343 1379 comptmitum
1373 1337 1538 1369 subsistat
1563 1337 1595 1368 in
1623 1337 1690 1369 alio
1716 1337 1749 1368 in
1775 1349 1844 1379 quo
1871 1337 2025 1369 subsistit
2050 1337 2125 1379 ipsa

653 1397 803 1434 materia,
844 1403 875 1428 et
916 1396 966 1427 sic
1006 1396 1124 1427 saltem
1166 1406 1207 1427 ex
1247 1395 1477 1436 consequenti
1518 1401 1550 1427 et
1591 1406 1652 1437 per
1691 1395 1856 1427 accidens
1895 1395 2051 1427 subsistit
2090 1395 2124 1427 in

652 1455 834 1497 supposito
861 1454 978 1485 (livino
1004 1459 1036 1485 et
1062 1453 1091 1485 ci
1117 1453 1250 1485 (licetur
1275 1453 1369 1484 unita
1395 1452 1427 1484 in
1461 1452 1590 1485 unitate
1616 1452 1797 1495 suppositi,
1824 1464 1893 1484 non
1926 1460 2040 1486 autem
2066 1464 2127 1496 per

653 1524 690 1545 se
726 1519 760 1544 ut
797 1511 939 1544 materia
975 1518 1008 1543 et
1041 1511 1164 1542 anima.
1203 1511 1243 1542 Et
1276 1510 1326 1543 sic
1360 1511 1467 1542 multo
1503 1510 1611 1542 maior
1647 1510 1708 1542 erit
1740 1510 1822 1542 unio
1857 1510 2018 1543 materiae
2047 1521 2125 1543 cum

654 1570 836 1613 supposito
861 1569 978 1601 divino
1004 1580 1106 1610 quam
1133 1568 1242 1610 ipsius·
1267 1579 1379 1600 novae
1406 1568 1547 1607 formae,
1575 1568 1653 1610 quia
1690 1568 1799 1600 forma
1825 1579 1894 1600 non
1924 1568 2039 1600 unitur
2062 1569 2127 1600 nisi

653 1629 786 1661 ratione
811 1627 950 1659 unionis
974 1627 1048 1658 eius
1073 1637 1151 1658 cum
1177 1626 1374 1658 huiusmodi
1401 1625 1543 1658 materia
1569 1625 1623 1658 cui
1643 1625 1758 1658 unitur
1782 1632 1817 1658 ut
1841 1632 1940 1658 actus
1965 1626 2128 1659 naturalis

654 1697 732 1720 cum
769 1685 923 1728 potentia
960 1684 1114 1716 naturali.
1153 1684 1224 1716 Sed
1258 1684 1399 1716 materia
1432 1684 1623 1715 secundum
1665 1695 1702 1715 se
1735 1690 1771 1715 ut
1803 1690 1922 1715 natura
1956 1685 2009 1716 vel
2049 1695 2128 1726 pars

654 1750 807 1782 naturae,
837 1754 926 1785 quae
951 1748 1003 1775 est
1027 1753 1090 1774 ens
1115 1742 1307 1773 secundum
1335 1741 1633 1784 participationem
1664 1742 1793 1783 primae
1823 1742 1973 1774 entitatis
2002 1742 2035 1774 in
2060 1753 2129 1784 qua

655 1801 841 1834 virtualiter
866 1800 978 1833 omnis
1004 1799 1163 1842 specialis
1189 1799 1314 1831 entitas
1339 1799 1545 1836 continetur,
1580 1799 1644 1841 ipsi
1671 1799 1780 1841 primo
1805 1799 1875 1831 enti
1906 1800 1939 1831 in
1975 1810 2045 1841 quo
2078 1806 2130 1832 est

656 1860 689 1892 id
715 1860 809 1901 quod
835 1864 896 1897 est,
923 1858 955 1890 in
982 1863 1147 1900 quantum
1175 1857 1267 1889 unita
1300 1864 1351 1889 est
1388 1857 1420 1888 in
1450 1857 1579 1889 unitate
1608 1857 1789 1899 suppositi,
1818 1857 1990 1889 intimatur
2019 1857 2130 1901 magis

656 1928 758 1960 quam
784 1917 859 1959 ipsa
884 1917 993 1948 forma
1018 1915 1191 1947 intimetur
1222 1908 1286 1957 ipsi
1313 1915 1484 1946 materiae.
1519 1915 1615 1947 sicut
1647 1915 1736 1946 enim
1776 1915 1870 1947 Deus
1905 1915 2054 1947 intimior
2078 1921 2130 1948 est

656 1975 720 2017 ipsi
746 1974 908 2006 materiae
937 1980 971 2006 et
996 1973 1183 2015 unicuique
1208 1972 1256 2005 rei
1281 1984 1383 2014 quam
1410 1973 1518 2004 forma
1544 1972 1715 2007 materiae.
1749 1979 1781 2005 et
1810 1984 2051 2014 quaecumque
2076 1984 2130 2005 res

657 2033 722 2065 sibi
754 2033 819 2075 ipsi
844 2032 1036 2064 secundum
1070 2032 1210 2062 modum
1236 2042 1305 2072 quo
1331 2030 1455 2062 dicitur
1479 2041 1557 2062 esse
1582 2030 1614 2062 in
1653 2031 1756 2062 rebus
1793 2041 1853 2072 per
1885 2031 2070 2063 essentiam
2096 2037 2132 2063 ut

657 2102 727 2124 rem
765 2100 1019 2132 quamcumque
1057 2089 1089 2120 in
1127 2099 1205 2121 esse
1243 2088 1337 2130 quod
1374 2088 1479 2120 habet
1515 2087 1548 2119 in
1585 2099 1622 2120 se
1655 2088 1729 2129 ipsa
1762 2089 1954 2120 secundum
1989 2089 2130 2120 modum

657 2160 742 2181 suae
778 2147 980 2180 existentiae
1017 2147 1071 2179 vel
1103 2145 1348 2178 subsistentiae
1379 2145 1413 2177 in
1450 2156 1487 2177 se
1524 2145 1599 2187 ipsa
1635 2151 1828 2184 conservat,
1865 2146 1911 2177 ita
1936 2146 2037 2178 etiam
2074 2156 2130 2178 res

658 2206 752 2239 unita
770 2207 846 2238 Deo
871 2205 904 2237 in
931 2205 1060 2236 unitate
1086 2203 1256 2246 suppositi
1281 2209 1334 2236 est
1359 2203 1390 2235 ei
1415 2203 1574 2242 infimior,
1593 2209 1629 2235 ut
1654 2203 1687 2234 in
1713 2214 1777 2235 suo
1803 2214 1881 2236 esse
1905 2203 2126 2246 hypostatico

658 2275 730 2297 rem
765 2263 830 2295 sibi
862 2263 992 2295 unitam
1027 2268 1060 2294 et
1099 2261 1272 2304 propriam
1313 2260 1528 2303 hypostasim
1567 2272 1638 2292 non
1679 2261 1864 2293 habentem
1901 2261 1934 2293 in
1975 2271 2012 2293 se
2052 2261 2128 2303 ipsa

658 2321 909 2354 indivisibiliter
944 2326 1123 2354 sustentat,
1160 2330 1263 2360 quam
1300 2329 1541 2360 quaecumque
1577 2330 1631 2350 res
1668 2319 1998 2360 quomodocumque
2034 2319 2130 2351 alteri

659 2380 754 2412 unita
778 2378 985 2410 naturaliter.
1014 2379 1156 2419 Propter
1180 2378 1273 2418 quod
1299 2376 1381 2408 dicit
1407 2377 1613 2414 Bernardus,
1632 2376 1719 2408 libro
1746 2377 1866 2418 quinto
1891 2377 1934 2409 de
1963 2377 2133 2409 Conside-

660 2439 793 2469 ratione
811 2438 878 2477 (l):
905 2441 956 2468 est
975 2435 1087 2467 unitas
1112 2434 1344 2473 etms-timum,
1362 2445 1440 2466 cum
1459 2434 1585 2466 multae
1611 2440 1726 2476 partes
1751 2434 2027 2476 unumquodque
2052 2445 2134 2467 con-

754 2593 760 2607 ¹
775 2591 854 2618 illum
868 2591 900 2617 V.

753 2695 791 2727 (1)
812 2693 984 2720 Bernardi
1005 2693 1049 2718 De>
1069 2692 1314 2719 Consideralione
1333 2692 1374 2717 ad
1394 2691 1564 2726 Eugenium
1581 2691 1637 2722 III,
1651 2691 1668 2717 l.
1683 2692 1715 2724 V,
1730 2700 1754 2717 c.
1769 2693 1794 2724 8,
1808 2700 1834 2717 n.
1850 2692 1883 2718 IS
1895 2692 1937 2723 (P.
1953 2692 1992 2724 L.,
2005 2691 2062 2718 vol.
2078 2692 2137 2726 182,

667 2739 721 2766 col.
737 2740 808 2772 799).
