2493 3458
533 732 597 758 cod.
611 732 633 758 V

504 767 551 793 sol.
562 769 613 794 :2155
627 768 665 794 Va

525 2007 590 2033 cod.
605 2007 627 2033 P

498 2042 547 2069 fol.
560 2044 610 2069 146
621 2043 661 2069 Rb

694 428 742 453 112
1055 426 1244 453 MAGISTRI
1274 425 1492 452 GODEFRIDI
1522 426 1573 452 DE
1602 425 1798 452 FONTIBUS

781 516 831 547 lll.
858 515 994 547 Tertius
1020 516 1145 547 modus
1163 515 1316 557 ponendi
1342 515 1570 557 pluralitatem
1596 515 1781 547 formarum
1807 515 2002 557 specialiter
2026 516 2059 548 in
2086 516 2162 548 solo

690 573 829 605 homine
866 579 1008 615 propter
1043 573 1271 615 pluralitatem
1308 573 1484 614 agentium
1523 579 1574 604 est
1610 572 1696 611 talis,
1729 573 1823 614 quod
1856 573 1937 614 quia
1973 575 2078 605 homo
2111 580 2162 606 est

690 632 865 673 quoddam
895 630 1045 663 medium
1074 630 1162 662 inter
1193 630 1331 672 penitus
1362 630 1549 662 materialia
1581 636 1614 662 et
1646 630 1880 672 corruptibilia
1904 637 1937 663 et
1962 630 2050 663 inter
2077 641 2162 673 pure

690 688 878 731 spiritualia
895 694 928 720 et
946 688 1227 730 incorruptibilia,
1246 688 1279 719 in
1298 687 1374 730 ipso
1392 694 1472 720 sunt
1490 688 1580 720 duae
1606 688 1746 725 formae,
1761 687 1841 729 quia
1861 688 1993 720 ratione
2013 689 2020 706 ¹
2046 688 2162 720 huius-

691 745 782 778 modi
807 757 890 778 suae
916 751 1058 777 naturae
1084 745 1218 778 mediae
1243 751 1295 778 est
1320 745 1402 787 quid
1428 746 1634 787 productum
1652 745 1685 777 in
1711 756 1788 777 esse
1809 756 1829 777 a
1851 746 1989 777 duobus
2013 756 2118 788 agen·
2140 747 2143 786 Ι

689 804 789 843 tibus,
826 803 957 836 scilicet
989 815 1008 835 a
1040 803 1185 835 naturali
1218 810 1251 835 et
1284 814 1303 835 a
1340 803 1602 845 supernaturali.
1641 804 1796 835 Duorum
1835 806 1948 835 au'tem
1986 803 2161 847 agentium

689 872 834 903 quorum
872 872 978 892 unum
1012 861 1082 903 agit
1114 872 1155 893 ex
1187 861 1454 903 praesupposita
1490 861 1631 893 materia
1655 861 1675 898 ²,
1708 861 1799 892 aliud
1825 872 1908 900 non,
1934 871 2079 893 necesse
2111 867 2163 894 est

689 919 845 951 actiones
863 918 1018 950 diversas
1028 918 1038 935 ³⁵
1055 930 1132 950 esse
1151 925 1183 950 et
1201 918 1375 950 terminari
1394 919 1437 950 ad
1455 919 1572 961 plures
1590 919 1781 959 formas(l).
1802 918 1843 950 Et
1861 924 1913 951 est
1930 919 2055 950 modus
2073 919 2164 961 posi·

688 977 791 1009 tionis
817 977 921 1018 quod,
947 987 1025 1009 cum
1051 976 1116 1008 iam
1143 977 1233 1009 facta
1258 982 1309 1008 est
1339 976 1520 1018 dispositio
1549 987 1639 1018 quae
1666 983 1718 1008 est
1747 976 1939 1008 necessitas
1968 976 2003 1008 in
2020 976 2163 1009 materia

689 1035 732 1066 ad
758 1034 1018 1076 susceptionem
1045 1034 1133 1066 illius
1159 1034 1291 1066 formae
1316 1034 1480 1066 naturalis
1498 1044 1588 1075 quae
1613 1034 1840 1076 producenda
1865 1040 1916 1066 est
1941 1034 1984 1066 de
2009 1034 2163 1076 potentia

689 1092 861 1131 materiae,
891 1091 990 1123 simul
1020 1092 1109 1124 facta
1139 1098 1190 1124 est
1219 1091 1410 1124 necessitas
1439 1092 1483 1123 ad
1512 1091 1771 1133 susceptionem
1800 1092 1930 1124 formae
1959 1098 2163 1134 supernatu-

687 1149 776 1188 ralis,
809 1155 842 1182 et
878 1155 1040 1191 tanquam
1077 1160 1181 1181 unum
1219 1149 1414 1181 subiectum
1452 1149 1542 1181 sacta
1579 1156 1631 1181 est
1667 1149 1808 1181 materia
1845 1149 1947 1182 unica
1984 1149 2160 1182 habilitate

687 1207 862 1249 potentiali
896 1207 1052 1249 proxima
1084 1207 1282 1249 susceptiva
1315 1207 1459 1238 duarum
1494 1206 1661 1238 dictarum
1700 1207 1910 1238 formarum¹
1939 1207 2038 1239 simul
2067 1213 2101 1240 et
2129 1207 2163 1239 in

687 1265 811 1297 eodem
840 1264 990 1303 instanti,
1019 1264 1082 1296 etsi
1112 1264 1205 1306 prius
1235 1270 1356 1296 natura
1390 1264 1478 1296 illius
1507 1275 1596 1306 quae
1625 1271 1678 1296 est
1706 1264 1882 1303 naturalis,
1911 1276 1954 1297 eo
1993 1265 2088 1307 quod
2117 1265 2161 1297 de

687 1321 842 1364 potentia
866 1322 974 1364 ipsius
1000 1322 1161 1354 materiae
1187 1322 1353 1360 educitur,
1379 1328 1543 1363 tanquam
1569 1322 1750 1364 dispositio
1775 1322 2005 1364 approprians
2021 1322 2033 1339 ⁶
2059 1329 2163 1355 mate-

686 1379 768 1411 riam
798 1380 842 1411 ad
870 1379 969 1411 aliam
1000 1390 1088 1421 quae
1117 1386 1169 1412 est
1197 1381 1240 1411 ab
1270 1380 1473 1412 extrinseco.
1500 1380 1578 1411 Non
1608 1379 1699 1412 enim
1729 1380 1838 1422 magis
1865 1379 2019 1412 uniretur
2045 1380 2161 1412 anima

686 1438 837 1469 humana
856 1437 867 1453 ⁰
895 1437 1057 1469 materiae
1086 1437 1289 1478 existenti[s]
1320 1438 1384 1469 sub
1415 1438 1525 1469 forma
1553 1437 1695 1470 seminis
1727 1437 1806 1479 equi
1839 1448 1943 1479 quam
1973 1437 2133 1470 existenti
2153 1437 2164 1454 ⁷

685 1496 750 1527 sul)
776 1495 885 1527 forma
910 1494 1051 1527 seminis
1076 1495 1235 1534 hominis,
1261 1495 1324 1527 nisi
1351 1501 1443 1527 esset
1467 1495 1543 1527 talis
1569 1495 1763 1537 dispositio.
1790 1495 1832 1527 Et
1855 1495 1945 1528 sieut
1961 1495 1972 1512 ⁸
1996 1506 2065 1528 una
2087 1496 2163 1529 sine

686 1552 750 1584 alia
774 1564 846 1584 non
869 1558 920 1585 est
945 1559 1025 1584 nata
1050 1553 1214 1585 advenire
1239 1553 1414 1592 nuteriae‚
1433 1554 1495 1585 sed
1514 1554 1636 1585 ambae
1655 1553 1766 1591 simul,
1788 1553 1838 1585 sic
1862 1564 1928 1585 nec
1952 1564 2022 1585 una
2046 1564 2164 1585 earum

685 1617 766 1643 nata
791 1616 842 1642 est
867 1611 949 1643 dare
974 1621 1053 1643 esse
1071 1610 1211 1652 aliquod
1241 1611 1436 1653 supposito,
1462 1617 1495 1643 et
1520 1611 1710 1643 subsistere
1736 1611 1811 1643 sine
1840 1611 1955 1642 altera.
1982 1611 2056 1644 Nec
2080 1612 2165 1644 dant

685 1668 777 1700 aliud
806 1674 839 1701 et
866 1668 958 1700 aliud
987 1679 1064 1701 esse
1092 1668 1338 1701 subsistentiae
1366 1668 1559 1711 supposito,
1584 1669 1647 1700 sed
1672 1679 1778 1700 unum
1807 1675 1840 1700 et
1866 1668 1967 1708 idem,
1993 1668 2039 1700 ita
2068 1669 2163 1710 quod

685 1725 740 1758 illa
759 1726 869 1758 forma
886 1726 1050 1758 naturalis
1068 1732 1229 1768 respectu
1254 1726 1389 1758 animae
1407 1733 1459 1758 est
1477 1732 1512 1758 ut
1529 1726 1713 1768 dispositio
1732 1726 1766 1758 in
1785 1726 1926 1758 materia
1946 1727 2163 1768 praecedens

685 1783 884 1816 naturaliter
903 1783 914 1800 ⁹
945 1785 989 1816 ad
1021 1784 1258 1826 recipiendum
1292 1784 1440 1815 animam
1475 1790 1507 1816 et
1540 1784 1695 1815 ultimum
1729 1790 1854 1823 actum,
1887 1790 2049 1826 respectu
2082 1794 2164 1816 vero

685 1841 848 1874 materiae
865 1847 917 1874 est
934 1852 1011 1874 cum
1031 1841 1086 1873 illa
1103 1843 1213 1874 forma
1229 1853 1320 1883 quae
1345 1848 1397 1874 est
1422 1841 1536 1873 anima
1561 1842 1695 1874 liabens
1721 1841 1890 1874 rationem
1909 1841 2010 1873 unius
2029 1841 2161 1874 formae

686 1910 797 1941 aeque
814 1899 838 1917 ¹⁰
862 1899 1057 1932 immediate
1087 1899 1297 1942 perficientis
1325 1899 1500 1931 materiam
1533 1906 1566 1931 et
1595 1899 1708 1931 dantis
1737 1899 1921 1941 supposito
1949 1910 2055 1931 unum
2085 1910 2163 1932 esse

686 1957 940 1989 subsistentiae.
960 1957 1030 1989 Sed
1049 1957 1130 1989 illud
1148 1968 1226 1989 esse
1244 1958 1308 1988 sub
1326 1957 1459 1989 ratione
1477 1952 1555 1989 ess'e
1573 1957 1773 1999 simpliciter
1791 1962 1825 1989 et
1842 1956 1939 1998 quasi
1961 1957 2163 1999 incompleti

686 2020 719 2046 et
749 2014 1002 2047 indeterminati
1035 2021 1086 2047 est
1119 2014 1347 2047 communiter
1378 2015 1422 2046 ab
1451 2015 1505 2046 illa
1535 2015 1644 2046 forma
1672 2014 1818 2046 naturali
1847 2020 1880 2046 et
1908 2015 1952 2046 ab
1988 2016 1993 2056 l
2027 2014 2164 2059 anima3

685 2072 790 2104 habet
823 2078 936 2104 autem
966 2072 1192 2104 intentionem
1211 2072 1232 2089 ¹¹
1263 2072 1435 2104 mixtionis
1469 2072 1541 2104 sive
1574 2072 1741 2104 rationem
1771 2082 1848 2104 esse
1882 2071 1975 2103 mixti
2004 2083 2023 2103 a
2053 2072 2165 2104 forma

685 2129 923 2172 corporeitatis
948 2130 1060 2172 ipsum
1086 2130 1329 2172 compositum,
1355 2131 1398 2161 ab
1423 2130 1537 2161 anima
1562 2140 1644 2162 vero
1670 2131 1734 2161 sub
1760 2129 1892 2161 ratione
1921 2129 2010 2162 vitae
2031 2136 2064 2162 et
2085 2140 2164 2162 esse

684 2187 847 2229 completi
873 2192 906 2219 et
931 2187 1167 2226 determinati3
1193 2193 1226 2219 et
1251 2194 1371 2219 neutra
1398 2198 1514 2219 earum
1541 2188 1573 2219 in
1601 2194 1765 2229 quantum
1786 2187 1895 2218 forma
1913 2193 1966 2219 est
1983 2187 2005 2204 ¹²
2022 2187 2164 2219 advenit

684 2245 879 2286 composito
905 2245 970 2276 iam
996 2245 1030 2276 in
1055 2245 1170 2286 aliquo
1199 2256 1277 2278 esse
1306 2245 1504 2283 constituto,
1530 2245 1608 2277 licet
1637 2245 1803 2276 naturalis
1833 2251 1868 2276 ut
1897 2251 1950 2277 est
1977 2245 2162 2287 dispositio

683 2302 727 2333 ad
756 2302 904 2334 animan]
934 2303 1163 2334 iinmediatius
1181 2303 1205 2320 ¹³
1232 2303 1397 2335 adhaeret
1427 2303 1599 2334 materiae.
1627 2303 1719 2343 Quia
1749 2303 1840 2334 enim
1870 2302 1984 2334 anima
2010 2303 2162 2334 humana

684 2370 773 2401 quae
798 2366 850 2392 est
874 2360 1116 2399 immaterialis,
1141 2361 1219 2402 plus
1245 2361 1405 2403 elongata
1432 2367 1484 2392 est
1509 2371 1528 2391 a
1554 2360 1705 2398 materia,
1732 2367 1767 2391 ut
1793 2371 1863 2392 non
1892 2359 2003 2402 possit
2032 2361 2162 2392 habere

776 2516 781 2530 ¹
802 2515 875 2542 ratio
890 2516 920 2542 P.
936 2531 968 2534 —
983 2516 993 2530 ²
1006 2515 1127 2542 materie
1142 2516 1174 2541 V.
1190 2532 1222 2535 —
1242 2517 1253 2530 ³
1266 2525 1320 2541 om.
1342 2516 1372 2542 P.
1387 2532 1419 2535 --
1437 2518 1442 2531 ¹
1457 2516 1600 2542 dictarum
1614 2515 1782 2550 formarum]
1798 2515 1955 2542 formarum
1970 2515 2112 2542 dictarum
2128 2515 2160 2542 P.

684 2575 717 2578 —
738 2560 748 2574 ⁵
767 2558 1008 2594 appropinquans
1028 2559 1057 2585 P.
1079 2575 1109 2577 —
1131 2560 1141 2573 ⁰
1161 2568 1215 2585 om.
1239 2559 1269 2585 P.
1290 2575 1322 2578 —
1345 2560 1353 2574 ⁷
1367 2559 1519 2585 existentis
1539 2560 1568 2586 P.
1590 2576 1622 2578 —
1643 2560 1653 2575 ⁸
1666 2569 1720 2585 om.
1741 2559 1771 2586 P.
1791 2575 1825 2578 —
1845 2560 1855 2574 ¹¹
1872 2559 2061 2585 materialiter
2080 2559 2110 2585 P.
2126 2575 2159 2578 —

687 2604 706 2617 ¹⁰
719 2611 755 2637 eq
771 2603 809 2632 V:
826 2602 892 2636 equi
907 2603 936 2628 P.
951 2618 983 2621 —-
1001 2604 1018 2617 ¹¹
1034 2603 1226 2628 intensionem
1242 2603 1303 2629 ΡΥ.
1318 2619 1350 2621 -
1369 2604 1387 2617 ¹²
1402 2602 1494 2629 forma
1508 2605 1562 2637 est]
1577 2612 1631 2629 (1111.
1647 2604 1676 2629 P.
1691 2619 1724 2622 —
1741 2604 1760 2618 '⁸
1774 2603 1993 2629 immeditiatius
2009 2603 2039 2629 Ρ.

774 2719 812 2747 (1)
833 2718 865 2743 V.
881 2717 1054 2744 Henricus
1075 2718 1115 2744 de
1136 2718 1320 2750 Gandavo,
1342 2718 1446 2752 Quodl.
1463 2719 1511 2747 lv,
1526 2720 1601 2761 q313
1616 2723 1647 2746 «t.
1662 2719 1682 2750 l,
1697 2718 1715 2744 f.
1731 2719 1779 2744 171
1795 2722 1824 2744 et
1838 2720 1902 2754 sq).
