2493 3458
731 444 946 471 SECUNDUM
975 444 1272 479 QUODLIBETUM,
1299 445 1333 478 Q.
1363 444 1416 470 VH
1758 447 1804 470 123

331 531 380 565 sic
400 544 471 565 non
490 539 542 565 est
559 539 678 565 contra
701 533 867 565 rationem
894 534 1079 575 vegetativi
1104 540 1136 565 et
1161 533 1316 565 sensitivi
1342 534 1435 574 quod
1461 534 1614 565 incidant
1632 534 1664 565 in
1682 535 1803 566 eadem

331 592 440 623 forma
465 591 600 623 realiter
624 602 701 622 cum
728 592 836 622 forma
855 602 873 622 a
892 602 959 632 qua
985 597 1036 622 est
1057 591 1185 632 aliquid
1211 591 1362 627 mixtum,
1382 611 1421 614 *-
1441 591 1575 623 videtur
1600 593 1694 632 quod
1716 592 1804 623 simi-

330 649 404 681 liter
421 649 454 680 in
472 649 620 681 homine.
642 649 712 680 Aut
730 649 830 680 etiam
849 649 887 687 si,
902 650 1095 680 secundum
1114 649 1210 687 alios,
1229 649 1364 680 realiter
1382 649 1543 680 differunt
1560 649 1803 691 vegetativum,

331 707 531 739 sensitivum
558 712 590 738 et
614 707 755 738 mixtum
778 712 810 738 et
834 712 913 738 sunt
936 708 978 737 ab
1005 706 1102 745 intra,
1121 718 1225 748 quare
1245 706 1345 738 etiam
1363 707 1457 738 non1
1482 707 1514 738 in
1540 707 1681 739 homine
1706 713 1805 738 erunt

331 776 393 807 per
417 765 588 797 actionem
606 764 768 796 naturalis
794 764 929 807 agentis
955 764 1043 796 sicut
1069 764 1102 796 in
1121 764 1219 795 aliis?
1245 765 1333 796 Cum
1359 764 1460 796 etiam
1486 775 1567 796 caro
1593 764 1741 796 hominis
1763 765 1805 796 sit

331 822 480 854 nobilior
503 833 606 854 carne
632 822 742 861 bovis,
768 828 801 854 et
826 833 906 854 caro
932 822 1031 853 bovis
1057 822 1099 853 sit
1124 833 1205 853 caro
1224 833 1243 853 a
1261 823 1369 853 forma
1395 833 1484 863 quae.
1510 822 1737 854 essentialiter
1754 828 1806 854 est

332 891 411 919 una,
438 880 572 912 videtur
596 881 696 911 etiam
723 881 816 921 quod
838 890 922 912 caro
947 880 1097 911 hominis
1116 880 1157 911 sit
1183 891 1263 911 caro
1287 891 1306 911 a
1331 880 1440 912 forma
1465 891 1553 921 quae
1579 880 1806 912 essentialiter

333 943 385 970 est
401 938 550 970 nobilior
565 938 575 954 ‘²
593 938 670 969 vita.
690 938 777 969 Cum
795 938 896 969 etiam
922 937 1121 969 alimentum
1139 943 1359 969 convertatur
1376 938 1409 969 in
1427 938 1652 969 substantiam
1679 938 1804 976 nutriti,

332 996 466 1028 videtur
499 997 592 1037 quod
617 996 741 1027 virtute
767 995 943 1037 potentiae
968 995 1056 1026 illius
1089 996 1302 1027 substantiae
1328 996 1381 1027 vel
1414 996 1544 1027 formae
1571 996 1805 1027 substantialis

332 1064 394 1095 per
425 1065 487 1085 sua
520 1053 746 1085 instrumenta
772 1053 887 1085 debita
916 1053 974 1084 fiat
1006 1053 1190 1085 conversio
1220 1053 1419 1085 huiusmodi
1454 1064 1555 1094 quam
1590 1053 1721 1085 inducit
1745 1064 1807 1095 per

332 1122 369 1143 se
398 1111 539 1143 materia
571 1111 779 1143 nutrimenti.
813 1111 907 1154 Ergo
941 1122 1018 1142 cum
1052 1111 1150 1142 cibus
1184 1116 1405 1143 convertatur
1426 1111 1457 1142 in
1495 1111 1635 1143 homine
1661 1111 1694 1142 in
1728 1112 1806 1142 sul)-

332 1169 491 1200 stantiam
525 1169 637 1201 carnis
670 1169 793 1200 virtute
823 1169 957 1200 animae
983 1168 1199 1212 vegetativae
1230 1169 1318 1200 sicut
1343 1169 1445 1200 etiam
1475 1168 1508 1200 in
1538 1169 1645 1207 asino,
1672 1169 1807 1200 videtur

333 1227 426 1268 quod
463 1227 551 1258 sicut
587 1227 697 1258 forma
734 1226 969 1258 substantialis
1003 1238 1021 1257 a
1055 1238 1121 1268 qua
1153 1237 1233 1258 caro
1267 1232 1318 1258 est
1354 1237 1434 1258 caro
1467 1226 1501 1258 in
1535 1227 1634 1258 asino
1661 1232 1712 1258 est
1741 1227 1806 1258 alia

333 1285 525 1316 secundum
551 1284 718 1316 rationem
744 1284 970 1327 vegetativae,
989 1284 1035 1315 ita
1060 1284 1161 1316 etiam
1188 1285 1250 1316 erit
1274 1285 1308 1315 in
1334 1284 1483 1316 homine.
1503 1285 1539 1317 Si
1565 1284 1666 1316 etiarn
1693 1284 1806 1316 anima

333 1342 466 1384 perficit
491 1342 524 1373 in
551 1353 628 1374 esse
657 1353 828 1384 corporeo
857 1342 1022 1385 organico
1056 1353 1116 1384 per
1148 1342 1396 1384 dispositiones
1429 1342 1661 1374 accidentales
1696 1343 1805 1384 ipsam

333 1400 561 1431 substantiam
591 1400 727 1431 animae
760 1400 792 1431 in
824 1400 1019 1442 composito
1047 1400 1120 1432 sive
1150 1400 1260 1443 magis
1289 1400 1520 1442 compositum
1546 1400 1658 1442 ipsum
1685 1411 1806 1432 conse-

334 1463 490 1499 quentes,
520 1469 626 1499 quare
656 1469 726 1489 non
760 1458 792 1488 in
824 1468 901 1489 esse
930 1468 1100 1499 corporeo
1127 1458 1342 1489 substantiali
1370 1469 1432 1500 per
1456 1469 1553 1489 suam
1579 1458 1806 1489 substantiam

332 1515 572 1554 immediatius,
599 1515 688 1547 sicut
712 1521 833 1547 natura
858 1515 952 1557 prius
978 1521 1030 1547 est
1055 1526 1181 1557 corpus
1207 1527 1309 1557 quam
1335 1526 1461 1558 corpus
1491 1516 1677 1547 animatum
1706 1521 1807 1557 prout

334 1573 434 1605 etiam
465 1579 608 1615 apparet
637 1584 714 1605 esse
744 1573 777 1604 in
807 1573 880 1604 aliis
910 1573 1141 1604 animalibus?
1173 1574 1252 1604 Non
1282 1573 1416 1605 videtur
1441 1574 1541 1605 etiam
1575 1575 1667 1615 quod
1693 1574 1806 1606 minus

333 1637 458 1673 potens
498 1631 540 1663 sit
575 1632 679 1663 homo
712 1631 747 1662 in
778 1631 982 1674 generando
1015 1642 1117 1672 quam
1150 1631 1277 1669 asinus,
1312 1632 1355 1663 ad
1393 1631 1629 1663 inducendum
1662 1632 1806 1664 formam

333 1688 481 1731 aliquam
510 1689 772 1721 substantialem
800 1689 923 1720 virtute
949 1694 1092 1720 naturae
1117 1689 1349 1721 inducibilem.
1376 1689 1413 1721 Si
1439 1700 1522 1732 ergo
1540 1689 1658 1721 asinus
1675 1689 1807 1721 inducit

333 1746 546 1786 sensitivum,
564 1747 700 1778 videtur
717 1747 811 1788 quod
829 1748 934 1778 homo
960 1746 994 1778 in
1020 1758 1088 1788 quo
1114 1758 1183 1778 non
1213 1747 1326 1778 minus
1351 1747 1505 1789 perfecte
1523 1753 1574 1779 est
1592 1747 1705 1779 anima
1731 1758 1807 1779 sen-

333 1804 432 1836 sitiva
457 1804 558 1838 etiam
583 1805 749 1837 inducere
775 1804 884 1846 possit
909 1805 1108 1836 huiusmodi
1134 1805 1288 1836 formam.

422 1962 590 2003 Quamvis
620 1973 704 2005 ergo
734 1968 916 2004 utrumque
945 1962 988 1993 sit
1017 1962 1164 1999 difficile,
1198 1962 1329 1994 scilicet
1354 1974 1484 2004 ponere
1521 1974 1624 1995 unam
1662 1965 1805 1996 formam

333 2025 467 2052 tantum
509 2020 542 2052 in
582 2020 724 2052 homine
757 2026 789 2052 et
822 2020 970 2052 evadere
1003 2020 1117 2052 onmia
1151 2031 1239 2061 quae
1273 2026 1393 2052 contra
1433 2022 1500 2053 hoc
1533 2021 1740 2061 obiciuntur,
1775 2028 1807 2054 et

334 2078 434 2110 etiarn
460 2089 592 2120 ponere
617 2078 733 2120 plures
759 2084 791 2110 et
816 2078 987 2110 contraria
1012 2078 1150 2117 evitare,
1177 2084 1412 2110 verumtamen
1431 2079 1622 2111 difficiliora
1647 2080 1808 2112 videntur

334 2147 423 2178 quae
448 2136 645 2168 obiciuntur
669 2141 789 2168 contra
815 2142 987 2177 ponentes
1013 2136 1138 2177 plures.
1165 2137 1271 2168 Immo
1298 2136 1398 2168 etiarn
1424 2137 1559 2169 videtur
1584 2138 1677 2178 quod
1702 2138 1806 2179 potis-

334 2193 441 2225 simae
470 2194 688 2226 difficultates
718 2204 807 2234 quae
836 2193 1033 2225 obiciuntur
1058 2199 1179 2225 contra
1213 2200 1385 2235 ponentes
1420 2205 1524 2226 unam
1550 2195 1680 2227 habent
1705 2195 1806 2227 etiam

334 2251 524 2283 efficaciam
556 2257 678 2283 contra
710 2257 881 2293 ponentes
918 2251 1045 2293 plures,
1079 2251 1158 2292 quia
1190 2262 1311 2283 omnes
1337 2252 1412 2284 illae
1442 2252 1631 2284 fundantur
1664 2253 1697 2284 in
1724 2253 1807 2284 diffi-

335 2310 461 2341 cultate
486 2309 633 2340 maxima
657 2320 746 2350 quae
771 2309 942 2350 contingit
967 2319 1008 2340 ex
1033 2310 1101 2341 hoc
1126 2309 1219 2350 quod
1245 2309 1359 2341 anima
1380 2310 1556 2342 rationalis
1572 2311 1711 2353 ponitur
1729 2322 1806 2343 esse

334 2367 527 2399 substantia
560 2366 791 2398 immaterialis
829 2372 861 2398 et
897 2378 916 2398 a
941 2366 1082 2398 materia
1118 2366 1360 2409 independens
1395 2379 1458 2409 pro
1492 2374 1587 2400 tanto
1613 2369 1706 2410 quod
1732 2369 1807 2410 ipsa

335 2425 377 2457 de
403 2436 440 2457 se
465 2430 517 2456 est
541 2425 609 2456 hoc
635 2424 763 2465 aliquid
789 2425 861 2456 sive
879 2431 997 2456 natum
1023 2435 1084 2465 per
1101 2435 1138 2456 se
1164 2425 1353 2457 subsistere
1378 2426 1586 2466 naturaliter,
1612 2432 1645 2458 et
1669 2427 1807 2468 ponitur

333 2488 449 2514 tantae
474 2482 701 2524 simplicitatis
729 2483 821 2523 quod
847 2493 919 2513 non
944 2488 997 2513 est
1031 2482 1210 2513 divisibilis
1244 2494 1309 2515 nec
1344 2483 1554 2515 extensibilis
1589 2495 1654 2516 nec
1684 2495 1745 2526 per
1769 2495 1806 2516 se

334 2551 400 2572 nec
424 2551 486 2582 per
510 2540 695 2575 accidens:
734 2545 766 2571 et
801 2540 1025 2571 nihilominus
1050 2539 1122 2571 istis
1155 2551 1225 2571 non
1260 2541 1479 2572 obstantibus
1504 2542 1644 2583 ponitur
1668 2542 1806 2573 unibilis

334 2598 497 2629 materiae
534 2597 664 2639 primae
701 2598 734 2629 in
771 2608 859 2636 esse,
892 2597 937 2628 ita
972 2597 1066 2638 quod
1101 2597 1185 2629 det3
1220 2608 1298 2630 esse
1332 2598 1479 2640 primum
1514 2605 1546 2631 et
1580 2600 1806 2631 substantiale

425 2741 432 2755 ¹
452 2748 507 2765 om.
528 2740 558 2765 P.
579 2755 611 2759 -
632 2740 642 2754 ‘²
662 2739 856 2765 essentialiter
877 2755 907 2758 -—
929 2739 1063 2772 nobilior]
1085 2740 1210 2765 nobilior
1230 2744 1274 2766 est
1294 2740 1323 2765 P.
1345 2756 1377 2759 ν-
1396 2741 1406 2756 3
1426 2741 1514 2767 debet
1534 2742 1563 2768 P.
