2493 3458
750 459 924 486 TERTIUM
954 460 1251 493 QUODLIBETUM,
1281 460 1315 494 Q.
1347 461 1387 486 ΙΙΙ
1755 463 1803 487 183

334 549 460 580 nullam
479 548 709 580 actualitatem
728 549 861 580 habens
879 549 1071 580 secundum
1090 559 1127 580 se
1145 560 1215 580 non
1234 555 1286 581 est
1303 549 1417 590 aliquo
1436 551 1540 581 modo
1558 549 1802 592 distinguibile,

334 606 413 647 quia
431 606 519 638 sicut
544 617 614 637 non
640 616 702 637 ens
720 606 803 637 nihil
827 607 931 637 habet
957 606 1171 644 actualitatis,
1198 606 1242 637 ita
1260 607 1401 638 materia
1426 607 1498 638 sive
1522 607 1598 638 talis
1627 607 1802 648 potentia3

334 669 367 695 et
402 663 430 695 si
462 664 588 694 habeat
624 663 751 704 aliquid
788 663 937 694 entitatis
962 663 1169 704 potentialis,
1201 664 1282 695 nihil
1314 670 1430 695 tamen
1462 665 1567 696 habet
1599 665 1804 696 actualitatis

334 732 352 752 a
371 731 438 762 qua
456 726 507 752 est
531 720 705 752 distinctio
732 720 934 752 essentialis.
954 721 995 751 Et
1020 720 1098 752 ideo
1124 720 1206 751 nihil
1225 727 1276 752 est
1301 721 1429 752 dictum
1455 722 1548 762 quod
1575 732 1643 752 una
1663 721 1804 753 materia

334 778 376 809 sit
407 778 555 810 nobilior
585 784 618 810 et
650 778 817 810 actualior
853 777 927 816 alia,
961 778 1040 819 quia
1080 778 1138 809 ubi
1170 779 1264 809 nullo
1299 779 1402 810 modo
1439 785 1545 814 actus,
1572 779 1665 810 nullo
1698 780 1803 811 modo

334 835 511 867 actualius.

422 893 457 925 Si
484 899 598 925 autem
627 893 760 924 dicatur
784 894 877 934 quod
911 894 1104 924 secundum
1137 893 1292 925 diversos
1321 900 1500 935 respectus
1529 905 1616 935 quos
1645 894 1806 936 importat

333 951 418 982 ratio
437 950 612 992 potentiae
629 952 701 982 sive
718 951 879 982 materiae
897 951 940 982 ad
966 951 1120 982 diversas
1147 952 1274 983 formas
1300 951 1530 994 distinguatur
1555 951 1705 989 materia,
1727 962 1804 983 cum

333 1008 530 1040 huiusmodi
555 1014 735 1050 respectus
768 1019 838 1040 non
876 1008 919 1039 sit
951 1008 1079 1049 aliquid
1111 1008 1247 1040 realiter
1279 1020 1383 1050 supra
1415 1009 1600 1041 essentiam
1633 1009 1804 1047 materiae,

332 1066 467 1097 videtur
484 1066 577 1107 quod
603 1077 664 1108 per
688 1065 784 1107 ipsos
810 1076 881 1097 non
899 1066 949 1097 sic
967 1066 1205 1108 distinguatur.
1225 1066 1260 1098 Si
1284 1066 1385 1097 etiam
1403 1066 1601 1098 huiusmodi
1626 1072 1806 1108 respectus

334 1124 506 1155 sufficeret
538 1124 582 1154 ad
614 1123 871 1155 distinctionem
909 1123 1072 1155 materiae
1105 1129 1140 1155 ut
1180 1123 1260 1165 quia
1296 1124 1437 1156 materia
1470 1135 1558 1165 quae
1598 1124 1737 1166 ponitur
1772 1124 1806 1155 in

334 1181 467 1224 angelis
493 1186 543 1212 est
569 1181 612 1212 ad
637 1181 737 1212 aliam
756 1181 899 1212 formam
919 1192 1021 1222 quam
1043 1181 1183 1212 materia
1210 1192 1297 1223 quae
1324 1187 1375 1213 est
1399 1181 1432 1213 in
1452 1181 1701 1223 corporalibus,
1727 1182 1806 1213 ideo

333 1238 382 1270 sic
412 1238 582 1277 differunt,
612 1258 651 1260 —
677 1244 760 1270 tunc
788 1249 855 1279 qua
884 1238 1015 1270 ratione
1043 1245 1223 1280 respectus
1249 1239 1292 1270 ad
1331 1239 1485 1270 diversas
1519 1240 1646 1271 formas
1678 1250 1807 1282 genere

333 1297 462 1328 faceret
497 1295 651 1327 diversas
690 1295 849 1327 materias
881 1306 1021 1339 genere,
1060 1297 1181 1327 eadem
1214 1296 1346 1328 ratione
1385 1296 1511 1328 diversi
1548 1302 1727 1338 respectus
1763 1297 1807 1327 ad

334 1353 488 1385 diversas
506 1354 634 1384 formas
659 1353 777 1395 specie
795 1354 949 1385 facerent
967 1353 1197 1385 diversitatem
1222 1354 1255 1385 in
1274 1354 1415 1386 materia
1433 1355 1625 1386 secundum
1644 1354 1806 1396 speciem⁴

333 1412 411 1443 Hoc
437 1417 551 1443 autem
578 1417 629 1443 est
654 1411 788 1442 falsum.
809 1412 895 1442 Cum
923 1411 1023 1443 etiam
1052 1411 1163 1443 omnis
1189 1417 1368 1453 respectus
1394 1413 1437 1443 ad
1463 1412 1555 1443 aliud
1574 1417 1808 1453 consequatur

334 1475 491 1500 naturam
520 1469 568 1500 rei
596 1469 630 1500 in
657 1480 724 1510 qua
754 1469 917 1500 fundatur
945 1475 1135 1510 respectus,
1165 1480 1230 1501 nec
1259 1469 1489 1512 distinguatur
1514 1481 1567 1501 res
1593 1470 1808 1501 fundamenti

334 1527 526 1558 secundum
545 1526 648 1565 illum,
675 1526 810 1558 videtur
835 1527 927 1567 quod
953 1527 1067 1558 nullus
1093 1532 1273 1568 respectus
1299 1527 1461 1559 materiae
1487 1527 1598 1569 possit
1623 1539 1699 1560 esse
1722 1528 1807 1559 ratio

334 1584 564 1616 distinctionis
583 1592 615 1616 et
632 1583 838 1616 diversitatis
865 1584 1026 1616 materiae
1052 1585 1245 1616 secundum
1271 1584 1344 1616 eius
1370 1585 1566 1616 essentiam.
1593 1586 1680 1617 Cum
1706 1585 1808 1617 etiarn

334 1648 508 1684 ponantur
549 1641 662 1684 angeli
702 1642 822 1673 saltem
863 1642 978 1683 plures
1018 1642 1061 1673 ad
1102 1642 1249 1673 invicem
1290 1642 1427 1674 differre
1467 1643 1594 1684 specie,
1638 1642 1718 1683 quia
1765 1643 1808 1675 de

334 1699 417 1741 ipsis
435 1710 553 1731 verum
571 1705 623 1731 est
644 1700 737 1740 quod
764 1699 895 1731 formae
921 1710 1038 1731 earum
1065 1706 1308 1741 comparantur
1332 1700 1494 1739 numeris,
1520 1701 1608 1732 sicut
1633 1700 1756 1732 dicitur
1786 1702 1789 1743 Ι

334 1757 436 1789 etiam
462 1758 504 1788 de
529 1756 773 1796 materialibus,
800 1767 883 1799 ergo
909 1756 937 1788 si
962 1757 995 1788 in
1022 1757 1070 1789 eis
1098 1763 1149 1788 est
1176 1768 1254 1789 vere
1280 1758 1421 1789 materia
1450 1758 1685 1790 substantialis
1720 1759 1809 1790 sicut

335 1815 370 1846 in
387 1814 610 1847 inferioribus
628 1814 752 1846 dicitur
770 1825 848 1846 esse
867 1825 945 1846 vere
964 1815 1104 1846 materia
1123 1815 1367 1856 corporalisss
1382 1821 1474 1854 tunc,
1490 1816 1578 1848 sicut
1596 1816 1629 1847 in
1647 1816 1809 1848 omnibus

335 1872 538 1914 corporibus
564 1878 616 1904 est
641 1872 781 1904 materia
818 1883 886 1903 una
912 1873 1104 1904 secundum
1139 1873 1307 1904 rationem
1334 1879 1366 1904 et
1392 1873 1493 1905 etiam
1519 1875 1712 1905 secundum
1738 1885 1809 1906 rem

336 1930 437 1962 etiam
462 1930 672 1961 numeralem
692 1935 858 1971 quantum
880 1935 931 1961 est
949 1931 991 1962 de
1009 1941 1057 1968 se⁷
1077 1936 1112 1961 ut
1137 1931 1287 1962 ostendit
1313 1931 1576 1963 Commentator
1600 1931 1809 1964 duodecimo

334 1988 593 2029 Metaphysicae
609 1990 664 2028 (1),
702 1988 778 2019 talis
808 1993 921 2019 autem
955 1988 1068 2019 unitas
1103 1994 1153 2019 est
1190 1999 1295 2019 causa
1329 2000 1433 2029 quare
1467 1990 1510 2021 ad
1548 1989 1693 2021 invicem
1731 1995 1810 2021 sunt

336 2046 451 2077 onmia
469 2045 549 2076 talia
567 2045 659 2076 entia
677 2045 962 2083 transmutabilia2
983 2065 1021 2067 —
1041 2045 1086 2076 ita
1104 2045 1137 2076 in
1156 2046 1319 2077 omnibus
1337 2046 1572 2087 spiritualibus
1591 2047 1651 2078 erit
1670 2048 1811 2079 materia

336 2103 438 2135 unius
478 2103 631 2141 rationis,
666 2108 699 2134 et
731 2114 800 2134 una
833 2103 1026 2134 secundum
1067 2114 1148 2141 rem,
1190 2109 1223 2134 et
1262 2103 1364 2134 etiam
1405 2105 1597 2135 secundum
1630 2116 1810 2137 numerum

337 2166 503 2202 quantum
533 2166 585 2191 est
613 2161 655 2191 de
690 2171 736 2192 se.
768 2161 911 2202 Propter
943 2161 1037 2201 quod
1077 2161 1179 2192 etiam
1212 2161 1328 2192 omnia
1361 2161 1415 2192 illa
1445 2168 1543 2193 erunt
1580 2163 1813 2204 corruptibilia

337 2224 370 2250 et
402 2219 446 2249 ad
478 2218 638 2249 invicem·
657 2218 940 2249 transmutabilia.
976 2238 1015 2240 —
1049 2218 1092 2249 Et
1124 2219 1203 2249 ideo
1237 2219 1338 2250 etiam
1371 2220 1563 2251 secundum
1594 2220 1813 2252 Commenta-

337 2282 445 2307 torem
465 2278 520 2316 (2),
558 2276 591 2306 in
617 2276 714 2307 caelo
740 2287 811 2307 non
837 2282 889 2307 est
914 2276 1055 2307 materia
1076 2287 1165 2317 quae
1194 2276 1236 2307 sit
1265 2277 1419 2317 potentia
1449 2278 1492 2308 ad
1519 2288 1596 2309 esse
1614 2278 1814 2319 simpliciter

339 2334 410 2365 sive
439 2334 483 2364 ad
512 2333 655 2365 formam
686 2333 958 2372 substantialem,
989 2334 1051 2365 sed
1084 2334 1127 2364 ad
1157 2334 1214 2365 ubi
1248 2334 1319 2365 sive
1349 2335 1392 2365 ad
1423 2335 1524 2366 situm
1550 2340 1703 2373 tantuing
1734 2336 1814 2377 quia

338 2391 577 2423 transmutatio
607 2391 688 2422 fecit
716 2391 804 2422 scire
828 2391 1015 2422 materiam.
1042 2391 1124 2423 Ideo
1151 2391 1208 2422 ubi
1234 2391 1406 2423 invenitur
1434 2392 1548 2433 aliqua
1573 2393 1812 2424 transmutatio

339 2449 531 2480 secundum
550 2449 663 2489 aliqua
682 2448 885 2487 accidentia,
912 2454 1047 2490 oportet
1072 2459 1202 2490 ponere
1227 2449 1403 2481 materiam
1433 2450 1699 2482 convenientem
1724 2462 1813 2492 quae

429 2619 467 2647 (1)
489 2617 548 2644 Cfr.
569 2626 592 2643 c.
613 2619 628 2642 2
650 2617 679 2649 (f.
701 2619 751 2644 140
771 2618 821 2649 Ra)
843 2622 871 2643 et
892 2627 914 2644 c.
935 2619 952 2644 3
972 2617 1002 2650 tf.
1024 2619 1072 2644 141
1094 2618 1153 2648 Va).
1175 2634 1206 2636 ——
1229 2620 1266 2649 (⁴2)
1296 2618 1473 2644 Averrois
1502 2619 1548 2644 De
1566 2619 1645 2645 caelo
1673 2620 1690 2645 1.
1710 2620 1732 2652 1,
1755 2629 1778 2646 c.
1799 2623 1814 2647 7

341 2660 371 2693 (f.
391 2662 425 2687 30
444 2661 511 2693 V³):
534 2671 545 2684 «
600 2662 636 2687 Et
664 2661 731 2687 ideo
752 2661 780 2687 in
801 2662 855 2687 hac
875 2662 1019 2693 (materia)
1043 2662 1121 2687 nulla
1142 2661 1273 2696 potentia
1294 2665 1346 2694 est,
1367 2670 1422 2696 qua
1447 2662 1588 2688 denudari
1610 2663 1704 2697 possit
1727 2672 1743 2690 a
1763 2673 1815 2690 sua

340 2703 441 2737 forma,
462 2709 491 2730 et
510 2713 568 2731 non
588 2705 677 2731 habet
696 2704 751 2731 nisi
772 2705 933 2741 potentiam
948 2705 985 2731 ad
1005 2705 1062 2731 ubi.
1079 2715 1091 2729 »
1113 2704 1172 2731 Cfr.
1186 2705 1385 2739 Ax'erroes,
1404 2705 1622 2741 llletaplzysicae
1634 2707 1651 2732 l.
1667 2707 1745 2742 Vm,
1761 2716 1784 2734 c.
1799 2710 1815 2736 6

343 2747 373 2780 tf.
395 2749 445 2774 103
465 2748 526 2781 Vb).

1865 1699 1929 1726 cod.
1944 1699 1970 1724 V

1831 1735 1880 1762 fol.
1897 1736 1949 1761 275
1962 1735 2003 1761 Ra
