2493 3458
488 998 553 1024 cod.
569 998 592 1024 C

646 421 699 446 350
1013 418 1202 446 MAGISTm
1233 418 1452 445 GODEFRIDI
1482 418 1533 445 DE
1563 418 1759 445 FONTIBUS

1207 625 1472 660 QUAESTIO
1505 625 1564 651 XX

1304 703 1464 731 (natvm).

704 800 812 827 Utrum
834 799 991 834 religiosus
1013 801 1151 825 tenentur
1171 799 1301 826 revelare
1320 801 1462 825 secretum
1483 797 1671 824 commissum
1686 796 1764 832 fidei
1781 805 1854 823 suae
1872 796 1918 823 vel
1931 798 2086 832 peccatum

850 848 995 874 occultum
1012 843 1148 883 proximi
1161 848 1300 883 praelato
1320 848 1406 874 talem
1428 847 1636 873 revelationem
1654 845 1858 882 praecipt‘enti
1868 847 1917 878 (1).

737 981 783 1008 Ad
811 985 943 1016 quartum
971 981 1012 1007 sic
1040 981 1217 1016 proceditur,
1242 986 1269 1007 ct
1297 981 1427 1014 arguitur
1454 980 1532 1015 quod
1559 979 1714 1014 religiosus
1737 983 1870 1006 teneatur
1888 979 2020 1006 revelare
2040 987 2125 1015 prae-

454 1033 503 1060 fol.
520 1035 567 1060 101
585 1033 625 1060 Ra
648 1030 756 1057 dictum
782 1034 926 1057 secretum
953 1030 998 1056 vcl
1032 1031 1208 1064 peccaturu’
1242 1030 1387 1056 occultum
1418 1029 1550 1064 praelato
1584 1028 1784 1063 praecipienti.
1816 1027 1894 1063 Quia
1919 1032 2034 1055 tenetur
2062 1030 2065 1059 Ι
2093 1027 2122 1054 ei

489 1413 554 1439 cod.
567 1414 588 1440 S

462 1448 511 1475 fol.
525 1450 559 1475 53
573 1449 614 1475 Va

647 1079 788 1105 oboedire
827 1079 854 1105 in
886 1079 930 1105 liis
962 1088 1038 1113 quae
1070 1078 1215 1114 pertinent
1254 1078 1290 1104 ad
1323 1079 1430 1104 honum
1468 1077 1592 1113 proximi
1625 1081 1654 1103 et
1695 1077 1803 1103 bonurn
1846 1076 2062 1103 communitatis
2092 1081 2122 1103 et

647 1137 768 1164 quorum
783 1127 951 1163 oppositum
972 1127 1050 1154 cedit
1070 1127 1097 1153 in
1117 1127 1232 1153 malurn.
1248 1127 1307 1153 Sed
1330 1127 1461 1153 revelare
1481 1126 1538 1152 tale
1558 1130 1704 1152 secretum
1728 1125 1860 1160 praelato
1881 1130 1927 1152 est
1945 1124 2120 1157 huiusmodi,

646 1177 713 1212 quia
734 1181 834 1211 posset
855 1185 906 1211 per
926 1176 1086 1211 praelatum
1107 1175 1223 1211 corrigi.
1244 1176 1322 1210 Ergo
1342 1180 1370 1201 et
1391 1180 1496 1201 cetera.

735 1226 853 1252 Contra.
875 1225 1025 1251 Praelatus
1045 1234 1102 1251 non
1122 1225 1211 1251 habet
1231 1224 1267 1251 de
1290 1224 1412 1250 secretis
1431 1223 1561 1250 iudicare
1584 1228 1665 1250 extra
1689 1223 1783 1250 sorum
1807 1222 2015 1257 poenitentiae.
2042 1222 2120 1258 Ergo

646 1283 703 1301 non
724 1278 768 1301 est
783 1273 979 1300 necessarium
1001 1274 1131 1300 revelare
1152 1273 1177 1300 ci
1199 1273 1267 1300 talia
1288 1278 1369 1299 extra
1390 1272 1483 1298 sorurn
1503 1271 1713 1307 poenitentiae.

735 1323 912 1357 Respondco
931 1322 1086 1348 «licendum
1108 1322 1186 1356 quod
1201 1322 1296 1348 nullus
1311 1326 1425 1348 tenetur
1444 1321 1575 1356 praelato
1595 1320 1726 1347 revelare
1740 1323 1885 1346 secretum
1900 1319 1947 1346 vel
1966 1324 2121 1355 peccatum

646 1372 791 1398 occuitum
826 1371 920 1397 fratris
953 1371 1064 1397 ratione
1097 1370 1306 1406 cuiuscumque
1339 1370 1488 1405 praecepti
1522 1368 1600 1404 quod
1632 1369 1782 1404 praelatus
1806 1367 1919 1395 faceret
1943 1376 2031 1404 super
2055 1368 2122 1401 hoc,

646 1420 714 1447 licet
743 1423 746 1453 1
775 1420 951 1455 quandoque
966 1420 976 1435 ²
995 1424 1127 1446 teneatur
1147 1420 1202 1446 hoc
1218 1420 1228 1435 ³
1255 1419 1387 1445 revelare
1410 1418 1542 1454 praelato
1561 1422 1592 1444 ut
1615 1418 1693 1444 bono
1717 1416 1835 1448 homini,
1858 1425 1916 1444 non
1938 1421 1970 1443 ut
1988 1417 2122 1452 praelato

647 1473 675 1496 et
702 1469 757 1495 hoc
784 1473 904 1504 propter
929 1468 1105 1495 caritatem⁴
1134 1477 1191 1494 non
1217 1473 1338 1503 propter
1364 1471 1554 1503 praeceptum
1580 1466 1713 1502 praelati,
1734 1466 1802 1501 quia
1828 1465 1976 1501 praelatus
2004 1474 2062 1492 non
2088 1475 2121 1493 se

645 1518 733 1545 habet
760 1522 790 1544 ut
816 1517 963 1552 praelatus
989 1521 1019 1543 nt
1050 1516 1162 1543 scilicet
1189 1525 1294 1551 gerens
1328 1516 1421 1543 vicem
1456 1516 1606 1542 Ecclesiae
1638 1515 1718 1542 nisi*
1749 1515 1796 1541 vel
1828 1515 1856 1541 in
1888 1514 1952 1541 foro
1983 1515 2122 1550 publicae

646 1566 836 1594 correctionis
868 1566 943 1593 sicut
969 1566 996 1592 in
1029 1566 1158 1602 capitulo
1184 1566 1230 1592 vel
1257 1566 1285 1592 in
1311 1565 1400 1592 for0⁰
1431 1564 1630 1600 poenitentiae
1646 1565 1662 1591 ⁷.
1692 1564 1752 1590 Sed
1783 1567 1938 1599 peccatum
1972 1564 2119 1590 occultum

645 1615 742 1642 fratris
765 1624 822 1642 non
846 1615 935 1641 debet
960 1614 1091 1641 revelare
1118 1615 1144 1640 in
1173 1614 1311 1650 capitulo„
1334 1614 1401 1649 quia
1421 1618 1490 1640 tunc
1517 1612 1627 1640 faceret
1653 1617 1754 1639 contra
1777 1616 1967 1648 praeceptum
1991 1612 2122 1639 caritatis

645 1673 704 1700 quo
736 1669 850 1690 tenetur
881 1663 1028 1698 corrigere
1049 1663 1166 1690 fratrem
1199 1663 1223 1689 si
1249 1668 1347 1698 potest
1378 1662 1521 1689 salvando
1553 1661 1660 1689 sarnam
1694 1661 1791 1688 fratris
1815 1669 1882 1688 cum
1913 1661 1978 1688 hoc.
2003 1661 2034 1688 Si
2063 1661 2120 1688 hoc

645 1714 789 1740 revelaret
815 1722 867 1748 per
893 1712 1010 1739 modum
1037 1711 1241 1744 accusationis,
1267 1711 1378 1738 faceret
1404 1716 1506 1738 contra
1533 1719 1565 1738 se
1590 1710 1695 1746 ipsum,
1721 1710 1790 1746 quia
1817 1714 1919 1746 posset
1941 1709 2068 1737 deficere
2091 1710 2122 1737 in

644 1762 820 1798 probatione
851 1761 875 1788 si
907 1761 980 1788 alius
1011 1765 1133 1795 negaret
1165 1766 1195 1787 et
1226 1761 1268 1787 sic
1300 1760 1522 1787 scandalizaret.
1554 1759 1658 1786 Nullus
1683 1763 1781 1786 autem
1812 1758 1952 1786 tenetur·
1979 1758 2120 1786 oboedire

644 1811 778 1847 praelato
798 1815 899 1838 contra
921 1814 1111 1846 praeceptum
1132 1810 1262 1837 caritatis
1286 1818 1343 1845 quo
1368 1809 1433 1844 quis
1455 1813 1569 1836 tenetur
1591 1808 1707 1835 salvare
1730 1808 1839 1834 samam
1858 1807 1956 1834 fratris
1977 1807 2003 1834 si
2021 1812 2121 1843 potest

644 1864 674 1887 et
705 1868 762 1895 quo
788 1864 904 1887 tenetur
927 1867 985 1886 non
1011 1858 1210 1886 scandalizare
1238 1867 1270 1885 se
1285 1860 1295 1874 ⁹
1326 1859 1430 1894 ipsum.
1462 1857 1525 1884 Nec
1550 1857 1637 1884 etiarn
1669 1857 1698 1883 in
1722 1856 1787 1884 soro
1812 1856 2011 1892 poenitentiae
2031 1856 2122 1884 debet

643 1909 732 1935 homo
765 1909 862 1935 dicere
894 1913 1018 1944 peccata
1051 1907 1172 1934 aliorum
1204 1907 1256 1934 sed
1288 1916 1340 1934 sua
1372 1911 1492 1934 tantum.
1524 1906 1653 1933 Tenetur
1693 1910 1792 1932 tamen
1822 1905 1852 1932 in
1883 1913 1954 1932 casu
1987 1905 2119 1932 revelare

644 1958 776 1993 praelato
802 1962 833 1984 ut
859 1958 938 1984 bono
966 1957 1076 1984 homini
1105 1961 1133 1983 et
1162 1956 1338 1991 quandoque
1359 1956 1447 1982 etiam
1476 1958 1591 1982 tenetur
1618 1954 1713 1990 magis
1743 1954 1836 1981 h0c¹⁰
1863 1953 1996 1989 praelato
2022 1953 2120 1981 facere

645 2015 732 2042 quam
753 2006 802 2033 alii
817 2008 845 2033 ¹¹.

733 2056 768 2082 Et
782 2055 850 2082 ideo
866 2056 886 2071 ¹²
905 2055 1144 2091 distinguendum
1164 2058 1208 2081 est
1231 2054 1268 2081 de
1291 2053 1431 2089 peccatis,
1454 2053 1522 2088 quia
1539 2053 1559 2068 ¹³
1578 2057 1627 2079 aut
1641 2052 1737 2087 agitur
1756 2051 1793 2078 de
1816 2055 1942 2087 peccato
1961 2051 2119 2078 commisso

644 2110 694 2132 aut
708 2105 744 2132 de
764 2104 982 2132 committendo.
1004 2104 1036 2131 Si
1058 2103 1095 2131 de
1123 2103 1288 2136 commisso,
1314 2103 1357 2129 sic
1381 2111 1440 2129 non
1467 2102 1556 2129 debet
1576 2101 1748 2128 denuntiare
1773 2100 1907 2136 praelato
1926 2104 1958 2126 ut
1977 2100 2119 2136 praelato,

643 2154 757 2181 scilicet
772 2155 791 2169 ¹⁴
810 2161 864 2188 per
877 2153 1127 2180 denuntiationem
1141 2152 1188 2179 vel
1211 2160 1263 2187 per
1287 2150 1504 2178 accusationem
1524 2154 1555 2177 ut
1578 2150 1615 2177 de
1635 2150 1691 2176 hoc
1711 2158 1728 2176 a
1747 2149 1880 2185 praelato
1898 2148 1951 2175 fiat
1969 2148 2118 2184 inquisitio

644 2207 673 2229 et
698 2202 842 2229 correctio
874 2202 1002 2237 publica,
1033 2201 1100 2236 quia
1133 2201 1280 2228 omitteret
1312 2204 1502 2235 praeceptum
1532 2199 1569 2226 de
1594 2198 1778 2226 correctione
1803 2197 1932 2224 fraterna
1957 2197 2118 2224 secundum

644 2260 731 2286 quam
757 2251 821 2286 quis
846 2254 960 2277 tenetur
979 2250 1004 2276 si
1023 2254 1122 2285 potest
1144 2249 1292 2285 corrigere
1318 2249 1438 2275 fratrem
1462 2247 1606 2274 salvando
1626 2247 1742 2274 famam.
1762 2247 1800 2273 Et
1818 2247 1907 2273 etiam
1929 2246 1955 2273 si
1977 2254 2034 2273 non
2055 2246 2120 2273 vult

643 2308 675 2327 se
689 2299 836 2335 corrigere
857 2299 893 2326 ad
917 2299 1026 2326 dictum
1046 2298 1152 2331 fratris,
1171 2306 1229 2325 non
1250 2298 1338 2324 debet
1361 2305 1427 2324 eum
1450 2296 1559 2323 ducere
1579 2305 1677 2323 coram
1698 2295 1832 2331 praelato
1855 2295 1893 2322 ad
1912 2294 2118 2330 corrigendum

643 2358 708 2376 eum
729 2357 818 2384 super
842 2348 908 2379 hoc,
928 2348 995 2382 quia
1020 2347 1104 2374 fieret
1123 2347 1259 2374 deterior.
1287 2346 1363 2381 Quia
1391 2350 1492 2381 posset
1517 2344 1709 2372 verecundari
1739 2352 1839 2372 coram
1863 2344 1997 2380 praelato
2023 2348 2054 2370 et
2082 2352 2118 2370 ex

734 2481 937 2517 ¹praedictum
959 2480 991 2507 C.
1021 2496 1052 2499 —
1082 2480 1092 2495 ²
1105 2489 1160 2506 om.
1180 2480 1219 2511 S;
1238 2479 1307 2505 add.
1327 2486 1360 2505 2a
1382 2488 1419 2505 m.
1439 2478 1468 2504 S.
1498 2494 1531 2497 —
1559 2478 1570 2493 ³
1583 2477 1761 2513 quandoque
1775 2492 1808 2496 —
1821 2477 1888 2511 hoc]
1908 2481 2042 2503 teneatur
2061 2477 2118 2503 hoc

642 2526 819 2560 quandoque
840 2525 872 2551 C.
899 2540 932 2544 —
961 2526 970 2539 ⁴
985 2529 1014 2550 et
1032 2524 1100 2550 add.
1122 2524 1154 2550 C.
1184 2539 1217 2542 —
1247 2524 1257 2538 ⁵
1270 2531 1327 2549 non
1348 2522 1380 2549 C.
1400 2538 1434 2542 —
1455 2523 1465 2537 ⁶
1478 2522 1525 2548 vel
1545 2537 1578 2541 -—
1597 2520 1673 2555 foro]
1693 2529 1749 2547 om.
1769 2520 1808 2554 S;
1826 2521 1896 2546 add.
1915 2526 1951 2546 22
1969 2529 2005 2546 m.
2025 2520 2055 2547 S.
2084 2535 2117 2539 -—

643 2570 652 2584 ⁷
665 2578 719 2596 om.
736 2568 767 2596 C.
782 2585 814 2588 —
829 2569 840 2583 ⁸
853 2577 907 2594 om.
922 2568 959 2601 S3
973 2567 1041 2594 add.
1055 2573 1090 2593 2¹¹
1105 2576 1141 2593 m.
1159 2567 1188 2593 S.
1202 2582 1235 2586 —
1249 2567 1260 2582 ⁹
1273 2575 1328 2592 orn.
1344 2565 1382 2595 S:
1402 2565 1471 2592 add.
1490 2572 1525 2592 2⁶
1540 2574 1577 2591 m.
1591 2564 1620 2591 S.
1634 2580 1667 2584 —
1684 2565 1705 2580 ¹⁰
1718 2564 1813 2600 magis
1825 2565 1892 2598 hoc]
1905 2564 1962 2590 hoc
1975 2563 2069 2599 magis
2084 2562 2119 2590 C.

641 2629 674 2632 —
697 2612 794 2639 ”aliis
815 2611 846 2638 C.
868 2627 900 2632 σ-
923 2611 943 2626 ¹⁹
956 2615 985 2637 et
1004 2611 1082 2644 ideo]
1103 2615 1223 2646 propter
1242 2610 1321 2645 quod
1336 2610 1368 2636 C.
1388 2625 1422 2628 —
1443 2609 1464 2624 ¹³
1477 2617 1532 2634 om.
1553 2608 1591 2641 S;
1610 2608 1679 2635 add.
1698 2615 1733 2634 211
1747 2617 1786 2634 m.
1805 2607 1835 2634 S.
1849 2623 1883 2626 —
1905 2609 1924 2623 ¹⁴
1938 2607 1992 2634 sed
2012 2606 2045 2634 C.

731 2715 770 2745 (l)
791 2712 850 2739 Csr.
871 2721 919 2747 pp.
939 2712 1064 2738 294-297.
