2493 3458
543 1537 605 1563 cod.
619 1537 642 1562 V

516 1572 564 1598 sol.
576 1575 627 1598 *35¹5
640 1573 677 1598 lx’lu

700 423 734 446 :3ss
1063 420 1249 446 MAGISTRI
1281 420 1497 446 GODEFRlDl
1528 421 1578 446 DF.
1608 421 1803 447 PONTlssUS

702 514 817 551 potest
841 509 1038 541 huiusmodi
1064 509 1206 541 mutatio
1232 520 1271 541 ex
1307 519 1411 541 causa
1443 509 1525 547 fieri,
1554 509 1619 541 nisi
1654 510 1740 542 forte
1775 520 1815 542 ex
1848 510 2060 542 institutione
2090 510 2164 542 reti-

700 567 833 599 nuisset
857 567 921 598 sibi
947 567 1084 609 aliquod
1113 567 1205 608 qnod
1233 578 1293 608 per
1316 567 1384 599 hoc
1409 577 1478 598 non
1505 573 1695 599 remaneret
1727 567 1756 599 ei
1791 568 1933 606 salvum,
1963 574 2045 599 tunc
2073 567 2163 599 enim

701 624 928 667 requirendus
959 631 1050 657 esset
1087 635 1280 656 consensus
1315 624 1398 655 eius.
1434 624 1484 655 De
1521 625 1588 656 hoc
1624 625 1726 656 Extra
1762 625 1804 656 de
1841 624 1912 657 iure
1949 631 2163 666 patronatus,

701 682 851 725 capitulo
876 682 986 714 Nobis
1004 683 1059 722 (l).

1254 873 1494 914 QUAESTIO
1520 873 1606 904 XVI.

841 973 981 1009 Utrum
1011 971 1115 1008 licite
1139 972 1297 1020 possint
1324 971 1421 1008 laici
1449 974 1576 1007 tenere
1605 972 1780 1007 decimas
1809 971 1921 1008 titulo
1939 971 2044 1021 fidei

700 1039 759 1076 vel
787 1052 1032 1088 quocumque
1064 1038 1143 1074 alio
1179 1038 1290 1074 modo
1326 1038 1388 1074 ius
1421 1041 1455 1074 el
1484 1038 1765 1086 proprietatenz
1799 1038 1837 1074 1'11
1871 1037 1950 1074 illis
1977 1038 2165 1074 habendo.

791 1203 915 1233 l'ostea
955 1201 1045 1233 circa
1086 1200 1290 1242 pertinentia
1330 1201 1371 1231 ad
1410 1201 1516 1231 laicos
1552 1200 1757 1241 generaliter
1793 1201 2022 1241 quaerebatur
2061 1211 2165 1232 unum

702 1259 860 1291 videlicet
885 1265 995 1290 utrum
1024 1258 1114 1290 licite
1145 1258 1277 1300 possint
1305 1264 1422 1289 tenere
1447 1257 1600 1289 decimas
1629 1258 1725 1289 titulo
1755 1258 1834 1289 fidei
1865 1258 1916 1289 vel
1946 1268 2166 1299 quocumque

702 1317 767 1348 alio
793 1317 898 1348 modo
921 1316 972 1348 ius
997 1322 1030 1348 et
1056 1316 1298 1358 proprietatem
1325 1315 1357 1346 in
1384 1315 1446 1346 illis
1471 1316 1644 1346 habendo.
1674 1315 1713 1346 Et
1738 1316 1947 1356 arguebatur
1971 1315 2064 1356 quod
2090 1315 2166 1347 laici

702 1386 771 1406 non
809 1375 942 1416 possint
974 1374 1062 1405 iusto
1095 1374 1192 1405 titulo
1233 1373 1385 1405 decimas
1422 1373 1578 1411 retinere,
1611 1373 1690 1414 quia
1727 1379 1913 1415 praecepta
1948 1372 2030 1404 iuris
2062 1372 2167 1404 divini

702 1431 911 1464 inviolabilia
943 1437 1031 1463 sunt.
1059 1431 1128 1462 Sed
1161 1442 1201 1462 ex
1235 1436 1421 1472 praecepto
1455 1430 1535 1462 iuris
1569 1430 1674 1461 divini
1701 1431 1871 1462 debentur
1899 1430 2054 1462 decimae
2088 1430 2165 1462 Deo

702 1490 788 1521 aut¹
818 1489 979 1520 ministris
1012 1488 1198 1520 Ecclesiae.
1230 1488 1331 1520 Unde
1355 1488 1479 1519 dicitur
1512 1487 1664 1519 Levitico
1683 1490 1728 1523 12)
1763 1488 1904 1519 ultimo:
1934 1498 2051 1519 omnes*
2082 1488 2168 1519 deci-

703 1558 777 1578 mae
805 1550 920 1578 terrae
946 1547 1019 1578 sive
1046 1546 1086 1577 dc
1102 1546 1277 1588 frugibus
1303 1546 1375 1576 sire
1403 1545 1442 1576 de
1467 1549 1582 1586 points
1606 1545 1770 1576 arborum
1802 1546 1946 1576 Domini
1969 1547 2050 1576 sunt
2095 1547 2100 1585 l
2136 1547 2167 1576 et

703 1605 754 1635 illi
770 1604 780 1620 '²
803 1604 1078 1646 srtnctifl'cunlur.
1097 1603 1201 1644 Quod
1227 1609 1340 1634 autem
1368 1603 1518 1634 Domino
1539 1602 1790 1634 sanctificatum
1809 1609 1861 1634 est
1887 1613 1956 1634 non
1984 1609 2097 1644 potest
2123 1602 2167 1634 ad

701 1672 903 1694 communes
928 1668 960 1693 et
985 1661 1092 1693 laicos
1118 1672 1200 1692 usus
1226 1661 1389 1692 converti.
1417 1662 1533 1700 Quare
1559 1667 1591 1691 et
1617 1667 1741 1692 cetera.

791 1720 824 1750 ln
857 1719 1064 1751 contrarium
1097 1725 1148 1750 est
1184 1718 1356 1761 generalis
1389 1718 1568 1760 permissio
1604 1717 1780 1749 Ecclesiae
1814 1718 2040 1759 permittentis
2072 1718 2166 1759 quod

702 1789 719 1808 a
754 1777 865 1808 multis
898 1777 1095 1808 detinentur
1127 1776 1282 1807 decimae
1316 1777 1447 1817 absque
1476 1775 1584 1817 ipsius
1612 1775 1787 1807 Ecclesiae
1823 1775 2053 1807 concessione
2089 1786 2167 1817 spe—

702 1835 787 1867 ciali.
814 1835 844 1866 A
871 1834 984 1866 multis
1013 1834 1114 1866 etiam
1146 1840 1306 1865 tenentur
1335 1833 1490 1865 decimae
1520 1833 1552 1864 in
1580 1833 1719 1864 seudum
1746 1839 1950 1875 perpetuum
1984 1844 2025 1864 ex
2051 1833 2167 1865 Eccle-

701 1893 772 1924 siae
797 1893 977 1934 supposita
994 1892 1004 1907 ³
1036 1891 1265 1924 concessione
1297 1897 1329 1924 et
1361 1891 1559 1929 donatione,
1593 1891 1686 1932 quod
1719 1901 1789 1923 non
1822 1890 1918 1923 fieret
1950 1890 2042 1922 nisi·
2074 1896 2168 1923 esset

701 1950 838 1982 licitum.
865 1950 981 1990 Quare
1006 1955 1039 1982 et
1064 1955 1187 1981 cetera.

792 2008 1001 2049 Respondeo
1027 2007 1211 2039 dicendum
1238 2007 1331 2048 quod
1357 2017 1418 2048 per
1436 2006 1588 2038 decimas
1607 2006 1828 2048 intelligimus
1853 2007 1944 2037 bona
1965 2005 2167 2048 temporalia

701 2076 789 2107 quae
818 2066 860 2097 de
890 2065 961 2097 iure
989 2065 1160 2097 debentur
1184 2063 1346 2095 ministris
1376 2064 1553 2096 Ecclesiae
1572 2072 1712 2105 propter
1736 2063 1972 2096 ecclesiastica
1997 2063 2166 2095 beneficia

701 2134 789 2164 quae
814 2123 1016 2158 ministrant,
1042 2122 1113 2154 sive
1138 2122 1205 2153 sint
1227 2122 1419 2154 secundum
1441 2122 1616 2163 quoddam
1643 2121 1798 2153 decimae
1823 2121 1896 2153 sive
1921 2121 1996 2152 alia.
2017 2121 2167 2152 Primum

702 2180 789 2212 enim
826 2186 877 2212 est
910 2180 1061 2212 debitum
1091 2180 1163 2211 iure
1191 2179 1307 2210 divino
1333 2185 1365 2211 et
1394 2179 1549 2217 naturali,
1578 2179 1770 2211 secundum
1801 2189 1882 2211 vero
1911 2185 1962 2211 est
1991 2189 2165 2211 caeremo-

701 2238 800 2277 niale,
825 2244 859 2269 et
882 2238 916 2268 in
943 2237 1113 2279 praesenti
1139 2243 1190 2268 est
1214 2237 1406 2269 secundum
1432 2236 1610 2268 Ecclesiae
1635 2236 1967 2269 determinationem.
1986 2235 2027 2268 Et
2044 2246 2164 2268 secun-

701 2296 781 2327 dum
813 2296 881 2327 hoc
917 2294 1007 2326 circa
1045 2294 1196 2326 decimas
1237 2294 1457 2337 distinguitur
1492 2294 1585 2335 quod
1622 2300 1673 2326 est
1705 2294 1926 2326 considerare
1963 2293 2074 2336 ipsum
2114 2293 2166 2325 ius

701 2352 895 2395 accipiendi
930 2358 963 2384 et
995 2352 1088 2394 ipsas
1122 2362 1176 2384 res
1215 2362 1305 2393 quae
1335 2352 1476 2383 nomine
1516 2351 1671 2383 decimae
1711 2352 1845 2383 dantur.
1883 2351 1937 2383 Ius
1970 2350 2166 2393 accipiendi

701 2410 853 2442 decimas
882 2410 1005 2442 dicitur
1033 2420 1110 2442 esse
1139 2409 1325 2451 spirituale,
1351 2415 1384 2441 et
1408 2409 1487 2441 ideo
1518 2409 1552 2440 in
1578 2409 1701 2441 laicum
1731 2419 1802 2441 non
1831 2409 1946 2447 cadit;
1979 2409 2041 2440 sed
2069 2408 2167 2451 ipsae

700 2478 754 2500 res
787 2468 984 2509 corporales
1014 2473 1104 2506 sunt,
1137 2468 1216 2499 ideo
1251 2466 1285 2498 in
1322 2478 1406 2498 usus
1438 2466 1619 2499 cuiuslibet
1647 2472 1728 2498 sunt
1753 2466 1817 2498 ets
1851 2462 1977 2498 cadere
2008 2472 2165 2508 possunt.

791 2615 796 2629 ¹
811 2613 874 2639 sive
887 2622 940 2648 pro
954 2613 984 2639 P.
1006 2629 1038 2631 —
1058 2613 1068 2628 ²
1083 2621 1137 2638 om.
1152 2612 1182 2638 Ρ.
1203 2629 1234 2631 -
1255 2613 1266 2628 ³
1280 2608 1394 2647 suppssa
1408 2612 1438 2645 P,
1458 2608 1550 2647 suplsa
1567 2612 1597 2638 V.
1618 2628 1650 2631 —
1671 2614 1680 2627 ⁴
1694 2611 1718 2638 si
1731 2620 1789 2638 non
1803 2611 1832 2637 P.
1854 2627 1886 2630 —
1907 2612 1917 2626 ⁵
1931 2619 1985 2637 om.
2006 2611 2039 2636 V.

790 2710 827 2743 (1)
846 2718 870 2736 e.
884 2711 925 2736 25.
939 2710 973 2736 X.
988 2709 1024 2735 de
1038 2709 1099 2735 iure
1112 2713 1186 2744 patr.
1200 2709 1250 2735 III.
1263 2710 1305 2735 35.
1320 2725 1352 2728 -
1367 2710 1406 2741 (25
1422 2718 1446 2735 c.
1461 2709 1578 2741 XXVll,
1591 2710 1633 2735 30.
