2493 3458
706 431 920 458 SECUNDUM
951 432 1247 466 QUODLIBETUM,
1276 434 1310 468 Q.
1338 434 1364 459 11
1735 438 1768 461 63

306 520 507 553 existentiae
525 520 755 552 accidentium
773 520 997 563 singularium
1016 527 1118 559 extra,
1137 522 1230 553 nullo
1249 523 1354 554 modo
1372 528 1485 564 potest
1510 534 1649 555 manere
1667 535 1767 555 suum

304 589 382 610 esse
400 578 601 610 existentiae
619 578 810 609 secundum
828 589 865 609 se
883 579 935 609 vel
952 578 986 609 in
1005 590 1042 610 se
1060 579 1146 620 ipso,
1165 590 1230 611 nec
1248 580 1348 611 etiam
1367 580 1588 621 aliquomodo
1605 581 1612 598 ¹
1630 593 1768 614 manere

302 641 417 677 potest
441 635 475 666 in
501 646 577 667 esse
603 635 804 667 existentiae
830 636 964 674 actuali,
990 636 1035 667 ita
1060 637 1190 668 scilicet
1219 638 1312 677 quod
1342 637 1451 678 possit
1476 638 1542 669 diei
1568 639 1660 679 quod
1686 639 1767 670 illud

302 693 500 734 simpliciter
524 699 575 725 est
600 693 751 724 essentia
769 692 802 723 in
821 698 909 731 actu,
928 704 992 725 nec
1011 700 1157 734 possunt
1183 695 1374 735 praedicari
1399 696 1442 726 de
1467 695 1543 736 ipso
1570 696 1768 737 praedicata

303 750 498 782 essentialia
515 750 733 792 importantia
752 750 920 781 essentias
939 751 1090 783 actuales
1116 751 1187 783 sive
1213 762 1253 783 ea
1278 763 1366 792 quae
1392 758 1471 783 sunt
1496 758 1575 784 actu
1596 754 1767 785 essentiae

303 814 336 839 et
361 807 569 849 quidditates
594 808 713 839 reales.
740 808 858 839 Potest
883 808 973 839 enim
1000 819 1137 840 manere
1163 809 1236 840 eius
1262 820 1340 841 esse
1366 810 1565 841 existentiae
1591 811 1767 853 cognitum

303 865 375 897 sive
395 870 510 907 potest
534 876 673 896 manere
699 866 890 896 secundum
916 876 994 897 esse
1020 866 1196 907 cognitum
1214 866 1224 882 ²
1249 868 1301 897 vel
1327 867 1546 906 intellectum,
1565 868 1636 899 sive
1655 874 1768 909 potest

302 933 441 954 manere
459 923 532 954 eius
551 922 703 965 cognitio
722 928 755 954 et
773 933 813 954 ea
831 933 918 963 quae
945 929 1207 963 consequuntur
1224 924 1335 965 ipsum
1353 924 1386 955 in
1404 930 1567 965 quantum
1590 926 1766 968 cognitum

301 981 354 1012 vel
372 981 513 1011 modum
531 980 780 1023 cognoscendi.
795 981 924 1021 Utpote
942 980 970 1011 si
988 992 1056 1011 non
1077 981 1198 1012 existat
1216 981 1353 1022 aliquod
1380 982 1594 1014 individuum
1619 983 1768 1015 hominis

301 1038 395 1069 nullo
428 1038 531 1069 modo
562 1043 678 1068 manet
709 1039 814 1069 homo
848 1037 998 1069 existens
1031 1038 1174 1074 realiter,
1206 1050 1270 1070 nec
1304 1039 1404 1070 etiam
1438 1040 1588 1071 essentia
1620 1041 1767 1072 hominis

301 1100 416 1127 manet
448 1095 481 1126 in
514 1105 591 1126 esse
624 1095 748 1126 actuali
781 1095 964 1133 essentiali,
995 1095 1038 1126 ita
1069 1097 1162 1136 quod
1196 1096 1305 1137 possit
1334 1097 1400 1128 dici
1433 1098 1526 1138 quod
1558 1099 1663 1129 homo
1696 1109 1767 1130 non

301 1152 462 1191 existens,
489 1152 551 1184 etsi
580 1163 651 1184 non
676 1164 756 1184 vere
785 1153 836 1191 sit,
866 1163 945 1184 vere
974 1158 1088 1184 tamen
1117 1159 1168 1184 est
1197 1154 1347 1185 essentia
1376 1155 1518 1186 actualis
1548 1161 1580 1187 et
1608 1166 1688 1187 vere
1717 1162 1767 1188 est

299 1210 423 1241 animal
441 1210 474 1241 in
497 1216 575 1242 actu
602 1215 634 1242 et
659 1215 773 1242 cetera
788 1221 794 1247 3
820 1221 900 1241 vere
925 1216 1039 1242 tamen
1067 1217 1181 1242 manet
1199 1211 1233 1242 in
1251 1222 1329 1243 esse
1347 1212 1488 1253 cognito
1506 1219 1539 1243 et
1555 1224 1634 1244 vere
1653 1221 1768 1245 manet

299 1268 372 1300 eius
390 1267 554 1311 cognitio,
574 1274 606 1299 et
623 1279 703 1299 vere
721 1274 835 1309 potest
853 1268 919 1299 dici
937 1269 1030 1309 quod
1049 1274 1100 1299 est
1118 1268 1311 1300 universale
1338 1270 1510 1310 quoddam
1538 1270 1609 1302 sive
1635 1270 1768 1302 univer-

298 1325 378 1357 salis
398 1325 562 1357 terminus
581 1332 614 1357 et
631 1325 766 1367 species
793 1326 973 1367 quaedam,
992 1326 1025 1356 id
1044 1332 1095 1357 est
1113 1327 1206 1367 quod
1225 1326 1298 1358 eius
1324 1332 1375 1358 est
1397 1327 1549 1370 cognitio
1575 1329 1767 1359 secundum

298 1383 465 1415 rationem
493 1384 700 1414 abstractam
726 1389 761 1414 ut
786 1389 928 1415 naturae
958 1383 1132 1425 possibilis
1162 1394 1239 1415 esse
1268 1384 1300 1415 in
1331 1384 1484 1425 pluribus
1513 1385 1709 1423 individuis,
1736 1391 1769 1417 et

298 1441 347 1473 sic
387 1441 430 1473 de
470 1441 552 1472 aliis.
590 1441 633 1472 Et
668 1441 860 1472 secundum
901 1442 968 1472 hoc
1009 1447 1089 1472 sunt
1128 1441 1351 1484 intelligenda
1386 1442 1475 1474 dicta
1504 1442 1707 1475 Avicennae
1736 1450 1768 1475 et

298 1498 451 1530 aliorum.
486 1500 489 1539 l

386 1556 442 1588 Ad
476 1556 665 1588 videndum
695 1567 779 1599 ergo
809 1557 997 1597 quomodo,
1024 1557 1127 1588 rebus
1153 1557 1187 1587 in
1222 1568 1300 1589 esse
1338 1557 1539 1589 existentiae
1569 1564 1662 1589 extra
1695 1569 1766 1590 non

297 1614 444 1652 entibus,
464 1615 506 1645 de
525 1614 732 1654 quibusdam
758 1624 874 1645 verum
902 1620 953 1645 est
978 1614 1092 1645 dicere
1119 1615 1211 1655 quod
1235 1615 1355 1646 dicunt
1374 1626 1471 1646 veras
1496 1626 1550 1647 res
1576 1622 1609 1648 et
1627 1621 1766 1647 naturas

297 1677 330 1704 et
358 1682 456 1703 veras
486 1671 695 1712 quidditates
729 1677 761 1703 et
790 1671 959 1703 essentias
992 1672 1325 1713 praedicamentales
1357 1672 1593 1713 importantes,
1626 1680 1768 1715 propter

1105 1729 1116 1745 3
1158 1736 1209 1761 est
1243 1730 1397 1768 scientia,
1438 1741 1503 1761 nec
1541 1736 1654 1762 tamen
1688 1742 1765 1762 cum

297 1730 391 1770 quod
426 1729 468 1760 de
502 1729 585 1770 ipsis
621 1729 722 1760 etiam
754 1740 823 1761 non
858 1729 1085 1761 existentibus

294 1798 366 1819 non
384 1786 557 1819 existant4
574 1787 734 1818 dicuntur
762 1798 842 1818 vere
860 1798 937 1818 esse
966 1788 1159 1818 secundum
1186 1798 1263 1818 esse
1289 1788 1462 1819 essentiae
1487 1789 1540 1819 vel
1566 1789 1659 1829 quod
1685 1794 1767 1820 sunt

297 1845 465 1886 quaedam
501 1844 700 1876 essentiae⁵
728 1844 928 1885 simpliciter
962 1850 994 1876 et
1024 1844 1057 1875 in
1089 1851 1167 1876 actu
1194 1845 1236 1876 de
1262 1845 1386 1886 quibus
1417 1852 1566 1887 possunt
1590 1846 1766 1887 praedicta

295 1902 493 1944 praedicata
507 1902 728 1941 verificari,—
740 1902 782 1933 de
797 1902 1003 1943 quibusdam
1022 1908 1135 1933 autem
1154 1913 1225 1934 non
1244 1903 1471 1934 existentibus
1489 1915 1559 1934 non
1578 1910 1630 1935 est
1647 1914 1765 1935 verum

294 1961 361 1992 hoc
378 1960 503 1998 dicere,
523 1959 842 2003 —intelligendum
865 1960 958 2001 quod
983 1971 1036 1991 res
1063 1971 1151 2001 quae
1176 1971 1275 1991 veras
1301 1961 1510 2001 quidditates
1537 1966 1569 1992 et
1595 1961 1764 1993 essentias

294 2017 628 2059 praedicamentales
654 2017 848 2059 important,
874 2018 1085 2058 quandoque
1110 2018 1240 2049 habent
1266 2029 1342 2049 esse
1369 2018 1402 2049 in
1427 2018 1551 2060 seipsis
1578 2019 1767 2051 formaliter

295 2080 397 2117 prout
415 2086 456 2107 ex
473 2075 544 2106 suis
562 2075 741 2117 principiis
759 2075 938 2107 actualiter
955 2075 1151 2107 coniunctis
1170 2081 1250 2106 sunt
1268 2077 1301 2106 in
1320 2075 1499 2107 existentia
1511 2076 1521 2091 ⁶
1540 2076 1764 2114 constitutae;

295 2138 328 2165 et
352 2139 435 2165 tunc
459 2144 577 2164 verum
603 2138 654 2164 est
672 2132 787 2164 dicere
807 2133 898 2174 quod
918 2138 997 2164 sunt
1015 2139 1047 2164 et
1065 2133 1159 2173 quod
1178 2139 1257 2164 sunt
1275 2133 1446 2165 essentiae
1465 2133 1664 2175 simpliciter
1682 2140 1714 2165 et
1731 2134 1764 2165 in

295 2196 374 2222 actu
399 2191 485 2222 tales
503 2190 557 2222 vel
574 2190 660 2222 tales
676 2201 682 2229 3
709 2196 742 2222 et
759 2190 809 2222 sic
827 2191 870 2222 de
888 2190 971 2232 ipsis
990 2196 1025 2221 ut
1042 2190 1051 2206 ⁷
1076 2190 1126 2222 sic
1144 2196 1195 2222 est
1213 2190 1358 2222 scientia
1375 2191 1409 2222 in
1428 2191 1566 2232 propria
1591 2191 1710 2230 forma,
1729 2197 1765 2223 ut

294 2254 388 2290 patet
416 2249 459 2280 de
488 2248 585 2280 caelo
604 2247 623 2287 ⁵³,
654 2248 786 2291 angelis
815 2254 849 2279 et
877 2254 1000 2279 cetera.
1028 2248 1251 2289 Quandoque
1277 2254 1390 2280 autem
1412 2249 1542 2280 habent
1569 2260 1645 2280 esse
1671 2255 1764 2280 extra

294 2316 365 2338 non
404 2306 438 2337 in
479 2305 603 2347 seipsis
644 2305 838 2344 formaliter,
873 2306 935 2337 sed
972 2305 1005 2336 in
1040 2306 1110 2337 suis
1147 2306 1324 2347 principiis
1360 2306 1555 2344 virtualiter,
1592 2306 1637 2338 ita
1670 2308 1763 2347 quod

1173 2363 1184 2379 ⁹
1211 2375 1326 2395 earum
1356 2363 1585 2406 ingredientia
1614 2364 1764 2396 existunt

294 2363 408 2405 aliqua
436 2363 605 2405 principia
634 2363 830 2395 essentialia
859 2363 930 2394 sive
959 2363 1143 2395 essentiam

294 2421 328 2452 in
357 2432 468 2453 rerum
493 2427 625 2460 natura,
654 2421 787 2452 ratione
817 2432 961 2462 quorum
1002 2421 1161 2452 dicuntur
1198 2421 1396 2452 huiusmodi
1429 2432 1485 2453 res
1523 2428 1556 2453 et
1591 2422 1763 2454 essentiae

295 2489 373 2511 esse
401 2479 487 2511 tales
515 2489 569 2510 res
598 2484 630 2510 et
658 2478 841 2517 essentiae,
868 2489 937 2509 non
966 2478 1166 2520 simpliciter
1193 2480 1255 2510 sed
1284 2479 1318 2510 in
1347 2479 1512 2520 potentia,
1542 2485 1578 2510 ut
1606 2490 1684 2511 rosa
1709 2481 1762 2511 vel

384 2635 389 2648 ¹
405 2642 460 2659 om.
481 2634 510 2659 P.
525 2650 557 2652 —
573 2634 582 2648 ²
596 2642 714 2659 manere
729 2649 759 2651 -
776 2633 934 2668 cognitum]
950 2633 1110 2659 secundum
1125 2642 1155 2659 se
1176 2642 1292 2659 manere
1314 2633 1461 2667 cognitum
1479 2642 1544 2659 esse
1558 2634 1588 2659 P.
1604 2650 1636 2652 —
1651 2634 1661 2648 ³
1675 2633 1760 2659 etiam

293 2677 361 2702 add.
381 2677 411 2702 Ρ.
427 2693 459 2696 -—
474 2679 482 2692 ⁴
497 2677 624 2703 existunt
639 2677 668 2703 Ρ.
683 2693 715 2696 -
731 2678 740 2691 ·”’
754 2677 800 2703 vel
816 2677 894 2711 quod
914 2681 981 2703 sunt
1002 2677 1146 2712 quaedam
1167 2677 1312 2703 essentiae
1332 2677 1400 2703 (cdd.
1415 2677 1444 2703 P.
1466 2693 1498 2696 —
1514 2678 1523 2690 '³
1543 2677 1669 2703 essentia
1683 2677 1713 2703 P.
1729 2693 1759 2696 Q

296 2721 304 2735 ⁷
318 2724 346 2747 et
365 2721 396 2747 P.
415 2737 448 2740 —
470 2721 480 2735 Β
493 2725 522 2747 et
541 2721 608 2748 add.
630 2721 658 2747 P.
680 2737 712 2739 —
733 2722 743 2736 ⁹
757 2720 883 2747 essentia
897 2721 926 2746 P.

1823 1486 1886 1512 cod.
1900 1487 1924 1512 V

1798 1521 1845 1547 fol.
1856 1523 1908 1548 259
1920 1523 1959 1548 Ra
