2493 3458
502 1899 566 1925 eod.
578 1899 602 1924 V

475 1934 524 1960 fol.
535 1936 586 1960 252
598 1934 637 1959 Vb

503 1970 567 1996 eod.
586 1970 607 1995 P

476 2005 524 2031 fol.
538 2006 587 2031 136
598 2005 638 2030 Vb

655 442 672 465 8
1019 439 1206 465 MAGISTRI
1237 437 1452 464 GODEFRIDI
1484 437 1534 463 DE
1564 436 1758 463 FONTIBUS

657 528 811 561 essentia
828 528 1017 561 accidentis
1035 539 1054 559 a
1071 527 1228 559 subiecto
1245 537 1346 568 quam
1366 526 1517 558 essentia
1534 525 1695 557 materiae
1713 536 1733 557 a
1750 525 1869 563 forma,
1887 531 1921 557 et
1938 526 1981 556 ab
2003 531 2120 557 aucto-

657 586 751 618 ribus
769 585 875 618 sacris
901 585 1039 627 ponitur
1063 585 1156 626 quod
1181 583 1374 616 accidentia
1405 589 1551 625 possunt
1576 583 1792 614 immediate¹
1817 594 1836 614 a
1854 583 1930 615 Deo
1948 582 2019 614 fieri
2046 581 2120 614 sine

656 643 825 682 subiecto,
844 643 957 674 nullus
982 641 1092 674 fidelis
1119 641 1236 674 dicere
1261 642 1364 673 debet
1393 641 1486 682 quod
1512 640 1612 672 etiam
1638 651 1707 672 non
1734 640 1842 682 possit
1870 640 1963 671 nuda
1981 639 2121 671 materia

657 711 736 733 esse
754 700 828 732 sine
846 701 965 732 forma.
986 699 1025 731 Et
1051 700 1118 731 1108
1143 698 1304 740 aliquiss)
1323 698 1475 730 nituntur
1499 698 1549 729 sic
1574 698 1759 735 declarare,
1777 697 1857 738 quia
1881 696 2022 728 materia
2050 707 2121 728 non

657 764 709 791 est
734 758 779 790 ita
803 768 912 800 prope
938 757 1019 789 nihil
1045 767 1110 789 nec
1135 762 1186 788 est
1211 755 1363 797 aliquid²
1387 755 1431 787 ita
1457 755 1489 787 in
1519 755 1673 797 potentia
1698 755 1779 796 quin
1805 754 1847 786 sit
1871 754 1985 795 aliqua
2009 765 2063 786 res
2089 760 2122 786 et

657 821 779 847 natura
797 815 840 847 de
857 825 986 857 genere
1009 813 1234 852 substantiae,
1252 813 1416 845 differens
1434 824 1494 855 per
1514 812 1699 845 essentiam
1718 824 1737 843 a
1762 812 1880 850 forma,
1899 822 1918 843 a
1935 822 2003 853 qua
2020 811 2121 843 etiam

658 884 728 905 non
757 872 831 904 85ῒ3
858 883 919 903 sua
945 871 1079 911 entitas,
1109 871 1187 912 quia
1220 870 1447 902 essentialiter
1475 870 1646 901 disserunt.
1674 869 1713 901 Et
1742 869 1819 901 licet
1848 869 1988 900 materia
2018 869 2059 900 sit
2088 869 2122 900 in

659 930 813 972 potentia
827 930 868 961 ad
889 931 1030 961 formam
1048 934 1081 961 et
1098 929 1141 960 ad
1159 940 1236 961 esse
1255 934 1332 960 actu
1354 927 1552 969 simpliciter
1566 939 1626 969 per
1644 927 1872 959 actualitatem
1893 927 2034 964 formae,
2049 926 2123 968 ipsa

658 994 772 1019 tamen
789 998 858 1019 non
878 993 929 1019 est
946 986 980 1018 in
999 986 1152 1028 potentia
1177 986 1220 1017 ad
1246 996 1343 1017 suam
1373 985 1544 1027 propriam
1571 985 1767 1021 entitatem3
1795 985 1855 1016 sed
1881 984 1996 1026 seipsa
2021 990 2072 1016 est
2089 983 2122 1015 id

658 1046 752 1087 quod
771 1050 821 1077 est
840 1044 871 1075 in
902 1055 1013 1075 rerum
1042 1050 1173 1083 natura,
1200 1043 1358 1075 effective
1387 1049 1500 1074 tamen
1530 1054 1549 1074 a
1580 1043 1663 1073 Deo.
1684 1042 1784 1074 Unde
1813 1041 1950 1073 actione
1975 1041 2124 1073 creantis

659 1108 773 1144 potest
791 1101 987 1133 conservari
1006 1101 1039 1133 in
1058 1112 1146 1139 esse,
1165 1101 1257 1142 quod
1276 1100 1338 1131 sibi
1358 1108 1555 1141 competere
1581 1106 1694 1141 potest
1719 1100 1911 1131 secundum
1936 1098 2122 1131 realitatem

658 1171 742 1192 suae
767 1159 980 1191 substantiae
1006 1164 1157 1195 naturae,
1182 1158 1328 1200 spoliata
1345 1157 1438 1189 omni
1464 1158 1583 1195 forma,
1609 1167 1687 1189 cum
1714 1157 1838 1188 entitas
1865 1156 2026 1188 materiae
2052 1166 2121 1187 non

659 1218 701 1249 sit
730 1217 853 1249 entitas·
884 1217 1012 1247 formae
1042 1227 1106 1247 nec
1135 1215 1208 1247 eius
1237 1226 1325 1247 esse.
1353 1215 1447 1246 Licet
1475 1221 1587 1246 autem
1619 1214 1757 1246 materia
1783 1214 1832 1245 sic
1862 1213 1970 1255 possit
1996 1214 2124 1245 habere

659 1286 736 1307 esse
750 1275 760 1291 '¹
786 1274 859 1305 sine
887 1274 1003 1311 torma,
1030 1280 1143 1305 tamen
1169 1274 1258 1305 bene
1283 1273 1387 1304 habet
1411 1283 1488 1303 esse
1513 1272 1612 1303 simul
1634 1282 1711 1303 cum
1730 1272 1839 1303 forma
1856 1271 1888 1302 in
1907 1270 2124 1312 composit03

659 1338 692 1364 et
710 1332 821 1364 unitas
847 1331 1028 1373 compositi
1046 1331 1056 1346 ⁶
1081 1342 1149 1362 nou
1177 1330 1360 1372 impeditur
1378 1341 1439 1371 per
1456 1331 1523 1361 hoc
1540 1330 1632 1371 quod
1654 1330 1724 1360 duo
1741 1340 1819 1360 esse
1837 1329 1952 1369 aliquo
1968 1328 2074 1360 modo
2091 1327 2125 1359 in

660 1389 854 1431 composito
878 1389 1005 1420 includi
1031 1388 1198 1419 videntur.
1226 1387 1316 1428 Quia
1342 1387 1369 1418 si
1396 1387 1536 1418 materia
1561 1387 1691 1419 diceret
1715 1386 1863 1427 aliquam
1890 1392 2044 1417 naturam
2071 1385 2125 1417 cui

659 1447 850 1479 secundum
877 1457 914 1478 se
939 1453 1033 1477 extra
1058 1445 1288 1487 compositum
1315 1451 1433 1486 posset
1458 1450 1655 1486 competere
1680 1444 1820 1485 aliquod
1838 1454 1915 1476 esse
1940 1454 1982 1475 ex
2006 1449 2126 1474 natura

659 1516 721 1537 sua
746 1504 914 1542 absolute,
940 1503 985 1535 ita
1010 1503 1103 1544 quod
1129 1503 1207 1534 illud
1233 1514 1311 1534 esse
1337 1502 1438 1534 etiam
1470 1502 1611 1534 haberet
1635 1501 1668 1533 in
1694 1501 1902 1543 composito,
1947 1520 1962 1523 -
1983 1511 2043 1542 per
2059 1501 2126 1532 hoc

660 1562 772 1594 unitas
798 1561 980 1603 compositi
1006 1560 1242 1602 impediretur:
1269 1561 1329 1591 sed
1355 1560 1421 1592 tale
1447 1570 1525 1592 esse
1550 1565 1664 1601 potest
1689 1560 1818 1590 habere
1846 1559 1983 1591 actione
2012 1558 2127 1590 divina

660 1619 909 1661 supernaturali
935 1617 1142 1650 obedientia.
1161 1618 1230 1650 Sed
1257 1617 1395 1649 materia
1422 1624 1625 1649 conservata
1652 1618 1716 1648 sub
1742 1617 1851 1648 forma
1877 1616 2027 1648 existens
2045 1615 2126 1647 illud

660 1688 737 1710 esse
763 1688 832 1708 non
858 1677 971 1708 habet.
999 1676 1079 1707 ldeo
1105 1682 1137 1708 et
1162 1683 1284 1707 cetera.

748 1735 818 1767 Sed
843 1734 871 1765 si
896 1741 988 1766 recte
1014 1733 1222 1776 intelligatur
1239 1733 1320 1774 quid
1338 1733 1478 1764 nomine
1504 1732 1666 1764 materiae
1691 1732 1904 1774 importatur,
1923 1738 2016 1772 patet
2033 1732 2126 1772 quod

660 1791 801 1824 materia
841 1802 910 1823 non
952 1797 1065 1833 potest
1101 1801 1178 1823 esse
1214 1790 1289 1822 51118
1327 1791 1444 1821 forma.
1492 1790 1555 1822 Per
1591 1789 1766 1821 materiam
1808 1789 1897 1821 enim
1934 1789 2126 1820 secundum

661 1850 851 1882 doctrinam
887 1848 1088 1890 Philosophi
1118 1855 1151 1880 et
1179 1854 1488 1880 commentatorum
1522 1847 1742 1889 intelligimus
1774 1846 1900 1888 aliquid
1930 1847 2024 1887 quod
2057 1857 2126 1878 non

662 1914 713 1940 est
738 1907 879 1939 omnino
903 1917 973 1937 non
1005 1908 1008 1946 1
1039 1917 1101 1938 8115
1127 1913 1159 1938 et
1183 1905 1276 1944 nihil,
1306 1906 1367 1937 sed
1398 1905 1573 1936 minimum
1604 1905 1708 1936 habet
1736 1905 1779 1936 (le
1808 1904 1959 1941 entitate‚
1989 1910 2129 1945 propter

662 1965 754 2006 quod
779 1964 902 1996 dicitur
932 1970 934 2003 1,
965 1964 1058 2005 quod
1089 1970 1140 1995 est
1165 1974 1273 2005 prope
1298 1963 1390 1994 nihil.
1417 1964 1503 1994 Cum
1531 1969 1643 1994 autem
1670 1972 1732 1993 8115
1761 1962 1932 1993 dividatur
1955 1962 1989 1992 in
2014 1968 2126 1993 actum

663 2029 696 2055 et
713 2021 912 2064 potentiam,
931 2021 1003 2053 sive
1028 2021 1062 2052 in
1088 2031 1149 2053 ens
1175 2027 1253 2053 actu
1279 2021 1372 2062 quod
1398 2027 1450 2052 est
1474 2031 1537 2052 ens
1562 2019 1760 2061 simpliciter
1784 2025 1817 2051 et
1842 2030 1904 2051 ens
1921 2019 1954 2050 in
1975 2019 2128 2061 potentia

662 2081 755 2121 quod
781 2086 833 2111 est
857 2090 919 2111 ens
944 2079 1041 2120 quasi
1067 2079 1260 2111 secundum
1290 2078 1381 2119 quid,
1408 2084 1440 2109 et
1464 2078 1656 2109 secundum
1683 2078 1749 2109 hoc
1778 2077 1928 2114 materia,
1954 2087 2030 2108 cum
2057 2087 2126 2108 non

662 2138 705 2169 sit
733 2148 794 2169 ens
823 2137 1021 2179 simpliciter
1046 2143 1078 2167 et
1103 2147 1165 2167 ens·
1195 2142 1283 2170 actu,
1309 2142 1361 2167 est
1385 2136 1496 2166 solum
1526 2146 1588 2166 ens·
1618 2135 1650 2166 in
1681 2135 1844 2176 potentia.
1877 2135 1978 2166 Unde
2007 2134 2129 2165 dicitur

663 2195 809 2237 septimo
835 2194 1094 2236 Metaphysicae
1112 2196 1182 2229 (2):
1209 2193 1350 2224 materia
1376 2194 1418 2224 de
1443 2204 1480 2224 se
1506 2203 1570 2224 nec
1591 2199 1643 2223 est
1663 2192 1745 2233 quid
1770 2202 1835 2224 nec
1860 2198 2036 2233 quantum.
2064 2201 2129 2223 nec

753 2337 759 2351 ¹
777 2341 899 2370 possunt
915 2335 1080 2361 immediate
1095 2344 1149 2361 om.
1166 2335 1194 2361 Ρ.
1214 2351 1244 2353 α
1259 2335 1268 2349 “-’
1284 2340 1327 2360 est
1347 2334 1465 2369 aliquid}
1485 2334 1592 2368 aliquid
1609 2339 1653 2359 est
1671 2334 1699 2359 Ρ.
1713 2350 1743 2352 ἡ
1755 2334 1765 2348 ³
1777 2343 1791 2359 a
1803 2342 1860 2368 qua
1876 2349 1907 2352 μ
1927 2334 1980 2366 est]
1999 2333 2042 2358 bis
2052 2333 2084 2358 Υ.
2097 2348 2128 2351 ——

664 2381 673 2395 ⁴
693 2389 746 2405 om.
767 2380 794 2405 P.
815 2396 845 2398 —
867 2381 877 2394 ⁵
896 2384 924 2405 et
942 2379 1037 2405 unitas
1053 2378 1217 2413 compositi]
1236 2378 1343 2404 includi
1364 2378 1393 2404 P.

751 2470 790 2501 41»
811 2469 843 2494 V.
863 2477 890 2501 g.
912 2467 1090 2493 chricus
1118 2467 1158 2493 de
1186 2467 1372 2496 Gandavo,
1400 2468 1504 2500 Qnodl.
1527 2467 1546 2494 1.
1570 2469 1600 2492 11·
1620 2467 1760 2493 ‹tuq-rare.
1783 2467 1858 2494 1546,
1878 2470 1896 2491 t.
1912 2465 1932 2493 Ι,
1952 2474 1978 2499 p.
1997 2467 2047 2491 123»
2071 2479 2075 2487 ι
2095 2465 2130 2490 Et

664 2513 732 2538 licet
751 2511 910 2538 secundum
931 2520 1111 2537 communem
1133 2520 1247 2537 cursum
1268 2510 1456 2537 institutionis
1475 2515 1595 2536 naturae
1615 2509 1655 2535 sit·
1677 2509 1712 2535 sit
1733 2509 1810 2535 sacta
1830 2508 1958 2539 materia,
1983 2513 2014 2534 ut
2034 2508 2129 2542 aliqua

665 2555 779 2582 actione
799 2559 919 2581 naturae
940 2564 996 2581 non
1018 2559 1062 2580 est
1082 2554 1165 2580 unius
1185 2554 1332 2589 corruptio
1353 2554 1416 2579 51118
1436 2553 1554 2579 alterius
1581 2553 1779 2586 gem-ratione,
1799 2557 1895 2578 tamen
1917 2551 2031 2577 actione
2051 2560 2130 2577 crea-

664 2599 735 2625 toris
755 2598 873 2633 spoliari
893 2603 991 2633 potest
1011 2599 1047 2624 ab
1068 2598 1144 2624 omni
1166 2598 1257 2624 forma
1278 2603 1333 2624 ut...
1354 2597 1408 2623 id...
1431 2597 1509 2631 quod
1530 2596 1668 2622 materiae
1693 2601 1737 2622 est
1757 2596 1783 2621 111
1809 2604 1875 2621 esse
1903 2600 2058 2621 conservet
2078 2604 2129 2629 per

665 2651 696 2669 se
717 2642 798 2668 cuius
817 2647 862 2668 est
881 2642 944 2676 ipsa
963 2641 1168 2676 susceptibilis
1182 2652 1193 2666 >x
1218 2657 1248 2660 Α
1269 2644 1306 2670 121
1328 2640 1549 2666 Aristotelis
1569 2640 1775 2674 ,lletezsvl1vxux‘1'ca²
1797 2639 1994 2667 1.V1,c.3‹ed.
2007 2639 2130 2667 Bekker.

666 2687 722 2712 vol.
734 2686 769 2718 11,
783 2687 910 2720 p.1029».
934 2682 1015 2719 Λέγω
1036 2683 1122 2716 δ’ὕλην
1143 2686 1159 2716 ἢ
1182 2682 1243 2710 καῖ
1266 2684 1345 2715 αὑτὴν
1367 2683 1433 2715 μήτε
1454 2684 1477 2708 τὶ
1501 2682 1568 2714 μήτε
1588 2682 1670 2708 ποσὸν
1693 2682 1758 2714 μήτε
1781 2681 1846 2707 ἄλλο
1868 2681 1948 2713 μηδὲν
1969 2679 2073 2715 λέγεται
2093 2681 2130 2710 οἷς

664 2728 774 2763 ὥρισται
785 2728 815 2754 τὸ
828 2726 865 2754 ὅν.
