2493 3458
658 431 708 456 170
1020 429 1209 455 MAGlSTRl
1240 429 1458 455 GODEFRIDI
1488 429 1539 455 DE
1568 428 1764 456 FONTIBUS

657 530 726 551 non
757 518 916 561 implicat.
955 518 995 550 Et
1023 518 1215 550 secundum
1245 519 1313 550 hoc
1349 518 1475 560 aliquid
1506 518 1629 550 dicitur
1656 518 1820 560 possibile
1847 530 1917 550 non
1947 530 1988 550 ex
2016 518 2128 561 aliqua

657 576 821 618 potentia,
852 582 887 608 ut
927 582 1020 618 patet
1060 588 1100 607 ex
1133 576 1253 617 quinto
1289 576 1620 618 Metapliysicaess).
1656 576 1756 608 Unde
1790 575 1834 608 ibi
1871 576 1995 609 dicitur
2033 576 2129 618 quod

657 634 785 675 aliquid
811 634 934 666 dicitur
959 634 1124 676 possibile
1150 634 1343 666 secundum
1369 634 1516 675 aliquam
1543 633 1731 676 potentiam
1763 633 1909 666 activam
1940 634 1993 666 vel
2023 633 2130 676 passi-

658 703 735 723 vam
755 692 846 733 quod
863 691 870 708 ¹
896 697 948 723 est
973 691 1006 723 in
1033 691 1186 733 potentia
1213 691 1327 733 aliquo
1346 692 1452 723 mod«)
1471 702 1540 723 non
1558 692 1751 723 secundum
1770 691 1918 733 aliquam
1938 690 2129 733 potentiam

656 749 853 781 huiusmodi
883 749 945 781 sed
971 750 1163 781 secundum
1190 760 1228 781 se
1258 749 1380 791 ipsum,
1409 749 1539 781 scilicet
1564 749 1658 790 quod
1684 760 1753 780 non
1773 749 1915 780 includit
1933 759 2129 792 repugnan-

656 807 735 839 tium
778 806 1011 838 intellectuum
1045 806 1116 838 sive
1157 806 1467 838 contradictionem
1493 806 1503 822 ²

1507 832 1512 837 .
1553 806 1637 838 Tale
1678 806 1768 838 enim
1806 811 1858 838 est
1894 806 2059 848 possibile
2096 805 2129 837 in

657 871 822 906 quantum
849 870 963 906 potest
996 876 1073 896 esse
1103 863 1269 896 terminus
1299 864 1445 896 actionis
1475 863 1620 896 alicuius
1651 864 1797 904 agentis,
1823 871 1855 895 et
1885 875 1903 896 e
1933 870 2054 896 eontra
2079 868 2132 895 est

657 922 870 964 impossibile
887 921 898 938 ³
923 922 1115 953 secundum
1135 932 1172 953 se
1197 922 1291 963 quod
1316 921 1514 953 huiusmodi
1533 921 1797 963 repugnantiam
1818 921 1971 959 includit,
1990 926 2132 963 propter

658 980 751 1022 quod
781 980 873 1011 nullo
899 980 1003 1011 modo
1029 979 1196 1011 rationein
1222 979 1310 1010 entis
1336 980 1463 1010 habere
1501 986 1626 1020 potest,
1652 986 1684 1010 et
1714 979 1792 1010 idco
1818 990 1884 1010 nec
1913 985 2027 1021 potest
2053 989 2131 1010 esse

658 1037 823 1070 terminus
853 1037 997 1069 alicuius
1020 1037 1176 1068 actionis.
1203 1037 1281 1078 ipsa
1307 1037 1409 1079 igitur
1434 1036 1586 1068 essentia
1611 1043 1789 1068 creaturae
1818 1047 1895 1067 cum
1923 1047 1992 1067 non
2019 1035 2132 1068 existit

657 1095 781 1127 dicitur
809 1094 975 1137 possibile
1004 1095 1047 1126 ad
1073 1106 1162 1132 esse,
1189 1095 1220 1126 in
1250 1100 1415 1136 quantum
1443 1094 1523 1126 ‹licit
1551 1094 1632 1135 quid
1659 1094 1730 1125 sive
1760 1094 1792 1125 in
1810 1094 1819 1110 ⁴
1845 1100 2011 1135 quantum
2037 1093 2132 1125 intel-

657 1152 798 1195 ligitur⁵
829 1153 1022 1184 secundum
1048 1152 1214 1184 rationem
1243 1152 1386 1183 idn-alem
1413 1151 1444 1183 in
1474 1152 1548 1183 Deo
1575 1158 1610 1183 ut
1639 1151 1720 1193 quid
1747 1151 1967 1183 assimilabile
1996 1150 2132 1183 divinae

661 1210 835 1243 essentiae
860 1210 893 1242 in
919 1216 997 1241 actu
1024 1216 1057 1242 et
1082 1216 1117 1241 ut
1142 1210 1223 1251 quid
1251 1209 1359 1241 simile
1386 1209 1417 1240 in
1445 1209 1609 1251 potentin.

748 1268 790 1300 Et
818 1269 885 1300 hoc
911 1273 962 1300 est
986 1268 1080 1309 quod
1117 1267 1239 1299 dicitur
1264 1268 1357 1308 quod
1393 1267 1466 1309 ipsa
1499 1268 1602 1298 habet
1635 1267 1801 1298 rationem
1828 1266 2011 1305 essentiae,
2036 1266 2131 1308 quod

659 1337 777 1358 verum
803 1331 854 1358 est
880 1325 913 1357 in
939 1332 1017 1357 actu
1043 1325 1268 1367 intelligendi,
1295 1325 1356 1356 sed
1375 1331 1506 1356 tuntum
1526 1325 1558 1356 in
1586 1324 1739 1366 potentia
1764 1331 1929 1366 quantum
1949 1325 1991 1356 ad
2017 1331 2132 1356 actum

659 1384 692 1416 in
733 1395 770 1416 se
796 1383 871 1426 ipsa
896 1383 1075 1421 existendi,
1108 1383 1140 1414 in
1171 1389 1335 1424 quamtum
1366 1384 1470 1414 habet
1499 1383 1673 1424 exemplar
1702 1382 1812 1414 ideale
1845 1382 1877 1413 in
1911 1382 1987 1414 Deo
2016 1380 2134 1423 quod⁶

659 1447 710 1474 est
756 1441 840 1473 ratio
877 1440 1118 1484 cognoscendi
1151 1449 1183 1472 et
1220 1441 1321 1472 etiam
1362 1440 1533 1472 efficiendi
1571 1440 1679 1482 ipsam
1724 1440 1757 1471 in
1791 1450 1828 1472 se
1862 1440 1937 1482 ipsa
1969 1439 2133 1472 adiuncta

658 1500 845 1532 voluntate.
865 1499 905 1531 Et
923 1499 973 1531 sic
991 1498 1140 1531 essentia
1152 1498 1163 1514 ⁷
1179 1505 1364 1539 antequam
1384 1498 1425 1530 sit
1443 1505 1494 1530 est
1514 1498 1679 1540 possibile
1697 1509 1784 1536 esse,
1799 1509 1869 1529 non
1890 1504 1925 1529 ut
1938 1497 2132 1530 subiectum

660 1557 804 1589 alicuius
838 1556 1134 1588 transmutationis
1171 1567 1188 1587 a
1219 1567 1289 1588 non
1319 1567 1396 1588 esse
1424 1557 1467 1587 ad
1498 1566 1575 1587 esse
1605 1562 1637 1587 ct
1666 1562 1701 1587 ut
1730 1555 1858 1597 aliquid
1887 1555 2022 1587 realiter
2050 1554 2134 1587 reci-

659 1615 768 1658 piens,
809 1615 871 1647 sed
912 1620 947 1646 ut
979 1614 1145 1646 terminus
1178 1625 1239 1656 per
1279 1624 1315 1645 se
1352 1613 1498 1645 actionis
1529 1613 1764 1655 producentis.
1797 1613 1898 1645 Unde
1926 1624 1996 1644 non
2029 1613 2135 1645 debet

659 1673 801 1716 intelligi
819 1672 971 1705 essentia
988 1678 1165 1704 creaturae
1183 1678 1219 1704 ut
1244 1671 1372 1713 aliquid
1398 1671 1586 1713 potentiale
1616 1672 1874 1712 sul›stra[c]tum
1904 1682 1964 1713 per
1993 1671 2134 1702 modum

659 1730 833 1769 materiae,
858 1730 970 1772 ipsum
997 1740 1078 1762 vero
1104 1740 1182 1761 esse
1206 1735 1241 1761 ut
1266 1729 1394 1770 aliquid
1421 1735 1597 1771 receptum
1623 1729 1655 1760 in
1682 1729 1738 1760 illo
1756 1729 1799 1760 ad
1826 1728 1965 1760 modum
1992 1728 2134 1767 formae,

659 1799 726 1821 nec
746 1788 796 1821 sic
814 1787 1014 1831 intelligitur
1031 1787 1181 1820 essentia
1207 1787 1411 1829 participare
1437 1797 1530 1821 csse:
1549 1806 1585 1809 -—
1606 1787 1667 1818 sed
1687 1786 1828 1829 intelligi
1855 1786 1958 1818 debet
1982 1785 2135 1818 essentia

661 1852 845 1888 antequam
871 1845 923 1885 sit,
958 1851 994 1877 ut
1026 1845 1214 1887 potentiale
1239 1845 1414 1877 obiectum
1446 1844 1519 1876 sive
1544 1844 1710 1876 terminus
1739 1844 1876 1876 divinae
1909 1843 2067 1882 actionis,
2093 1844 2136 1876 de

660 1904 767 1936 nihilo
792 1909 826 1936 et
850 1914 921 1935 non
946 1903 990 1936 de
1014 1903 1130 1944 aliquo
1155 1908 1191 1934 ut
1212 1903 1255 1935 de
1280 1902 1444 1934 materiali
1472 1902 1641 1944 principio
1666 1901 1891 1944 producibile.
1920 1902 2036 1943 Ipsum
2053 1912 2136 1933 vero

661 1972 740 1994 esse
768 1961 968 2005 intelligitur
997 1961 1223 2003 intelligendo
1261 1960 1406 1992 eandem
1437 1960 1622 1991 essentiam
1655 1965 1691 1991 ut
1715 1966 1767 1991 est
1799 1959 1934 1991 actuale
1959 1959 2134 1991 obiectum

661 2025 694 2052 et
717 2019 882 2052 terminus
907 2018 1052 2051 actionis
1077 2018 1141 2050 Dei
1164 2018 1274 2060 ipsam
1300 2018 1343 2049 de
1368 2017 1476 2049 nihilo
1502 2017 1738 2059 producentis,
1763 2024 1798 2048 ut
1824 2017 1899 2059 ipsa
1924 2017 2077 2049 essentia
2101 2016 2135 2048 in

661 2083 828 2119 quantum
857 2082 909 2109 est
933 2076 1049 2108 divina
1074 2075 1260 2108 similitudo
1286 2075 1456 2117 producta
1481 2086 1500 2106 a
1526 2075 1602 2107 Deo
1628 2075 1670 2106 sit
1695 2075 1871 2116 quoddam
1897 2085 1975 2107 esse
2001 2074 2137 2116 partici-

661 2141 779 2178 patum
797 2134 831 2166 in
848 2139 1014 2176 quantum
1032 2139 1084 2165 est
1101 2133 1288 2165 similitudo
1306 2133 1474 2165 deficiens
1492 2143 1511 2164 a
1529 2133 1644 2164 divina
1663 2133 1878 2175 perfectione
1897 2132 2038 2164 infinita.
2057 2132 2137 2164 Non

661 2203 745 2236 ergo
770 2192 820 2224 sic
844 2202 883 2224 se
907 2192 1012 2224 habet
1036 2191 1187 2224 essentia
1210 2191 1253 2223 ad
1279 2201 1356 2223 esse
1385 2191 1474 2222 sicut
1498 2190 1639 2222 materia
1655 2189 1667 2206 Β
1693 2201 1730 2222 se
1759 2190 1891 2222 habet⁹
1919 2190 1962 2222 ad
1980 2190 2136 2228 formam,

662 2250 742 2293 quia
771 2250 804 2282 in
832 2249 1059 2293 generatione
1083 2249 1226 2281 materia
1251 2248 1459 2291 supponitur
1483 2255 1516 2280 et
1540 2259 1602 2290 per
1626 2248 1701 2280 eius
1726 2247 2006 2280 informationem
2028 2247 2138 2279 forma

754 2407 759 2421 ¹
780 2406 904 2433 activam
927 2422 959 2424 —
980 2406 1065 2440 quod]
1086 2405 1233 2440 passivam
1255 2405 1300 2430 vel
1321 2404 1446 2430 activam
1469 2412 1544 2438 quae
1565 2404 1603 2431 P:
1627 2403 1752 2429 activam
1774 2403 1820 2429 vel
1841 2403 1988 2438 passivam
2009 2411 2084 2437 quae
2104 2402 2136 2428 V.

662 2467 694 2469 —
709 2451 719 2465 ²
733 2449 995 2476 contradictionum
1017 2449 1046 2475 P.
1067 2465 1098 2468 -—
1120 2449 1130 2464 ³
1144 2448 1286 2483 possibile
1300 2448 1330 2473 P.
1345 2463 1377 2466 —
1395 2449 1401 2462 ¹
1416 2456 1470 2473 om.
1486 2447 1515 2473 P.
1530 2463 1563 2466 -
1584 2448 1594 2462 ¹·
1608 2447 1788 2481 intelligatur
1801 2447 1831 2472 P.
1853 2462 1884 2465 --
1905 2447 1916 2461 ⁶
1929 2455 2004 2481 quae
2024 2446 2085 2472 ΡΥ.
2105 2461 2139 2465 -

664 2495 672 2509 ⁷
686 2493 817 2529 potentia
831 2493 861 2519 Ρ.
877 2509 909 2512 -
930 2494 939 2507 ““
952 2493 994 2519 sic
1009 2493 1077 2518 add.
1098 2492 1128 2518 P.
1149 2508 1182 2510 —
1202 2493 1212 2507 ⁹
1227 2491 1348 2518 materia
1368 2491 1436 2517 add.
1458 2491 1488 2517 P.

753 2606 791 2637 il)
812 2603 1023 2630 Aristotelis
1044 2603 1260 2636 stimulum-sicae
1280 2602 1296 2628 l.
1318 2602 1364 2633 iv,
1380 2610 1403 2628 c.
1420 2603 1452 2627 12
1471 2602 1516 2635 [al.
1532 2601 1564 2631 V,
1579 2610 1602 2627 c.
1620 2603 1660 2634 14]
1681 2604 1719 2635 (p.
1737 2602 1803 2627 1019
1817 2606 1901 2635 sqq).
1921 2605 2008 2629 Ταῦτα
2029 2602 2075 2635 μὲν
2093 2601 2138 2629 οὖν

663 2647 695 2673 τὰ
713 2647 809 2673 δυνατὰ
827 2645 858 2672 οὐ
875 2647 944 2672 κατὰ
961 2645 1077 2678 δύναμιν.
1098 2645 1134 2671 Τὰ
1152 2645 1180 2670 δὲ
1198 2644 1328 2679 λεγόμενα
1348 2645 1415 2670 κατὰ
1433 2644 1540 2677 δύνκμιν
1559 2643 1644 2670 πάντα
1662 2643 1766 2678 λέγεται
1782 2643 1849 2677 πρὸς
1861 2643 1908 2675 τὴν
1920 2643 2029 2677 πρώτην
2041 2643 2138 2676 (μία-ὴ·

663 2687 729 2720 αὕτη
742 2686 833 2714 δ’ἐστὶν
847 2687 917 2722 ἀρχὴ
933 2687 1084 2719 μεταβολῆς
1096 2685 1122 2712 ἐν
1135 2684 1209 2720 ἄλλῳ
1225 2685 1246 2719 ᾗ
1260 2684 1335 2711 ἄλλο.
1355 2686 1387 2710 τὰ
1406 2685 1456 2720 γὰρ
1476 2684 1543 2711 ἄλλα
1561 2683 1665 2719 λέγεται
1683 2685 1779 2710 δυνατὰ
1798 2687 1836 2718 τῷ
1854 2685 1886 2709 τὰ
1906 2684 1952 2717 μὲν
1969 2681 2038 2719 ἔχειν
2051 2683 2137 2710 αὐτῶν

665 2728 730 2756 ἄλλο
744 2739 767 2755 τι
779 2728 902 2760 τοιαύτην
914 2727 1031 2761 δύναμιν,
1045 2728 1077 2753 τὰ
1089 2727 1117 2753 δὲ
1131 2727 1167 2759 μὴ
1181 2725 1260 2762 ἔχειν,
1275 2727 1306 2752 τὰ
1319 2726 1346 2752 δὲ
1359 2726 1406 2753 ὡδὶ
1419 2724 1489 2761 ἐχειν
1504 2734 1509 2739 ·
1524 2725 1625 2758 ὁμοίως
1637 2725 1665 2751 δὲ
1678 2726 1721 2751 καὶ
1733 2726 1766 2752 τὰ
1779 2725 1900 2752 ἀδυνατοῖ.
