2493 3458
720 419 914 460 QUARTUM
944 425 1240 460 QUODLIBETUM,
1270 426 1305 460 Q.
1335 425 1361 451 11
1723 426 1773 452 237

306 512 383 547 talis
424 521 521 548 actus
555 515 611 556 qui
643 515 744 546 etiam
776 521 877 546 natus
911 521 961 547 est
1001 516 1196 557 participari
1233 517 1275 546 al)
1317 515 1389 546 aliis
1430 526 1499 547 non
1548 515 1774 547 existentibus

307 580 385 605 actu
422 574 483 604 sed
516 572 678 614 potentia.
717 578 749 603 et
786 584 847 614 pro
873 579 967 604 tanto
1005 575 1047 604 [ul
1085 574 1252 605 rationem
1289 574 1364 604 tulis
1398 573 1536 615 generis
1570 573 1774 614 pertinentia

305 631 339 661 in
365 636 530 671 quantum
559 631 661 661 talem
687 630 917 661 actualitatem
948 631 1195 672 participabiliu
1222 631 1399 662 actualiter
1428 631 1460 661 in
1490 643 1526 661 se
1553 630 1645 672 ipsis.
1673 631 1774 661 L'nde

303 688 438 719 videtur
462 688 555 729 quod
581 698 650 718 non
676 688 769 718 nullo
796 693 872 719 ente
899 694 1015 719 creato
1042 699 1110 719 non
1148 688 1314 719 existente
1351 689 1405 719 cui
1443 688 1579 729 proprie
1613 688 1775 719 convenit

305 756 382 776 esse
407 745 441 776 in
467 756 594 787 genere
620 746 748 776 nullum
779 756 891 785 genus
922 746 1058 786 proprie
1086 746 1157 783 fuit,
1185 752 1216 776 et
1242 746 1335 776 nulla
1361 757 1414 777 res
1440 746 1606 776 rationem
1635 745 1774 787 generis

304 802 433 840 habuit,
466 802 546 843 quia
571 813 640 833 non
667 808 801 844 poterat
827 813 888 833 ens
922 809 1072 834 creatum
1110 803 1159 834 sic
1196 803 1300 834 dividi
1333 803 1365 834 in
1403 815 1464 834 ens
1498 803 1531 834 iu
1565 809 1643 834 actu
1676 808 1708 834 et
1741 803 1773 833 in

304 871 366 891 ens
402 860 435 891 in
469 860 631 901 potentia,
669 871 745 891 cum
784 860 912 891 nullum
939 871 1000 891 ens
1037 861 1112 891 tulis
1149 861 1286 900 generis
1323 867 1414 892 esset
1451 866 1538 899 actu,
1573 861 1633 891 sed
1660 860 1774 891 omnia

303 917 336 948 in
363 917 526 958 potentia,
552 928 621 948 non
648 917 786 958 quidem
824 928 884 958 per
909 918 1036 958 aliquid
1073 918 1125 949 sui
1158 919 1251 958 quod
1288 918 1329 949 sit
1363 918 1489 959 aliquid
1527 918 1675 959 generis,
1712 918 1773 949 sed

303 985 365 1016 per
389 975 546 1006 virtutem
580 975 715 1017 agentis
741 975 838 1016 primi
865 981 958 1006 extra
984 986 1106 1015 genus.
1134 976 1234 1007 Unde
1260 982 1342 1007 tunc
1368 976 1449 1006 niliil
1476 981 1546 1007 erat
1572 975 1603 1006 in
1633 986 1773 1017 genere,

304 1032 384 1073 quia
408 1033 501 1063 nulla
533 1032 669 1073 species
705 1032 842 1072 generis
876 1038 946 1064 erat
983 1033 1015 1063 in
1053 1039 1141 1071 actu,
1179 1039 1211 1064 et
1247 1034 1296 1064 sic
1332 1033 1413 1064 nihil
1451 1039 1529 1064 actu
1566 1033 1598 1064 in
1635 1043 1773 1073 genere,

302 1096 385 1121 tunc
410 1090 510 1121 etiam
538 1090 673 1131 species
698 1101 865 1130 generum
892 1102 961 1121 non
988 1096 1083 1121 crunt
1109 1091 1140 1121 in
1168 1091 1320 1132 potentia
1351 1091 1384 1121 in
1415 1102 1543 1131 ¹genere
1569 1091 1656 1122 sicut
1682 1101 1775 1122 nunc

303 1153 383 1178 sunt
408 1147 552 1188 aliquae,
580 1147 659 1188 quia
684 1148 814 1179 scilicet
847 1154 963 1179 essent
988 1148 1021 1179 in
1049 1149 1202 1189 potentia
1239 1159 1299 1190 per
1324 1149 1452 1189 aliquid
1478 1149 1529 1179 sui
1562 1149 1604 1179 ad
1642 1149 1774 1190 partici-

303 1207 455 1247 pandum
483 1206 713 1237 actualitatem
750 1206 888 1247 generis
915 1206 946 1236 in
974 1207 1128 1247 potentia
1154 1207 1340 1237 existentis.
1368 1207 1455 1237 Cum
1492 1207 1582 1238 enim
1619 1209 1774 1249 potentia

304 1264 430 1294 habeat
455 1263 621 1295 rationem
649 1275 690 1294 ex
720 1270 809 1301 actu,
836 1274 913 1295 cum
940 1275 1008 1294 non
1036 1270 1086 1294 est
1112 1264 1239 1304 aliquid
1266 1271 1343 1295 actu
1381 1265 1591 1306 participans
1618 1272 1773 1297 naturam

302 1321 450 1364 generis,
477 1321 612 1352 videtur
636 1321 736 1352 etiam
763 1322 856 1362 quod
883 1332 952 1351 non
979 1321 1021 1352 sit
1057 1332 1187 1362 ponere
1223 1322 1348 1362 aliquid
1385 1323 1538 1363 potentia
1565 1323 1774 1365 participans

302 1379 391 1410 illam
427 1379 615 1420 potentiam
653 1379 787 1410 realiter
824 1380 865 1409 nl)
903 1385 981 1410 actu
1018 1379 1224 1415 distinctam,
1262 1386 1294 1411 et
1331 1380 1358 1410 si
1393 1380 1474 1411 nihil
1513 1381 1555 1411 sit
1588 1381 1620 1411 in
1661 1392 1773 1412 rerum

302 1443 424 1467 natura
455 1437 547 1477 quod
573 1437 615 1467 sit
645 1436 847 1471 substantia,
874 1448 962 1477 quae
988 1447 1099 1476 genus
1126 1437 1158 1467 in
1184 1444 1262 1468 actu
1295 1438 1366 1469 sive
1396 1438 1438 1469 de
1464 1450 1532 1479 quo
1558 1439 1775 1479 praedicetur

303 1494 496 1525 substantia
521 1505 610 1535 quae
636 1500 687 1525 est
723 1505 835 1536 genus
861 1495 893 1525 in
930 1501 1018 1532 actu,
1045 1494 1126 1525 nihil
1164 1501 1215 1526 est
1240 1495 1272 1525 in
1308 1506 1419 1526 rerum
1456 1502 1576 1526 natura
1614 1497 1707 1537 quod
1733 1497 1775 1527 sit

302 1551 495 1582 substantia
521 1551 555 1582 in
580 1552 732 1593 potentia
760 1552 832 1583 sive
858 1553 900 1583 de
927 1564 995 1592 quo
1021 1552 1238 1593 praedicetur
1263 1553 1455 1584 substantia
1479 1565 1567 1594 quae
1594 1560 1645 1585 cst
1662 1565 1774 1594 genus

302 1609 336 1640 in
373 1609 536 1650 potentia.
575 1610 681 1640 Immo
715 1620 780 1640 nec
819 1616 870 1640 est
907 1620 1037 1650 ponere
1070 1610 1197 1651 aliquid
1223 1611 1289 1641 tale
1315 1611 1347 1641 in
1385 1622 1497 1642 rerum
1534 1617 1655 1642 natura
1680 1613 1774 1653 quod

301 1666 351 1698 sic
385 1666 427 1698 sit
453 1667 647 1698 substantia
683 1667 716 1698 in
754 1667 907 1708 potentia
944 1668 1037 1708 quod
1072 1678 1141 1699 non
1179 1668 1220 1699 sit
1257 1668 1370 1709 aliqua
1407 1669 1599 1700 substantia
1626 1669 1658 1700 in
1685 1675 1773 1701 actu.

302 1724 399 1756 Sicut
425 1724 515 1756 enim
541 1725 653 1755 album
680 1724 713 1755 in
739 1725 894 1766 potentia
920 1730 971 1756 est
996 1725 1131 1766 nigrum
1157 1725 1189 1756 in
1217 1731 1305 1764 actu,
1339 1726 1384 1757 ita
1409 1726 1526 1757 asinus
1562 1727 1595 1757 in
1622 1727 1775 1768 potentia

303 1787 355 1813 est
379 1782 494 1823 aliqua
519 1782 584 1813 alia
616 1788 738 1813 natura
769 1782 802 1813 in
832 1789 921 1821 actu,
955 1788 987 1814 et
1021 1783 1070 1814 sic
1107 1794 1184 1814 cuin
1220 1784 1313 1814 nulla
1350 1784 1411 1815 fuit
1444 1790 1565 1815 natura
1601 1791 1715 1816 creata
1740 1785 1774 1816 in

303 1845 382 1871 actu
407 1846 443 1871 ut
475 1840 619 1879 videtur,
656 1841 749 1871 nulla
785 1846 905 1871 natura
944 1841 1004 1872 suit
1040 1840 1073 1871 in
1110 1841 1264 1882 pruentia
1301 1848 1333 1873 et
1370 1853 1431 1882 per
1463 1853 1683 1883 consequens
1709 1854 1775 1874 nec

302 1897 430 1938 aliquid
456 1897 489 1929 in
514 1909 643 1940 genere
669 1898 702 1929 in
728 1898 891 1939 potentia.

391 1955 546 1987 Necesse
565 1961 616 1987 est
631 1967 714 1998 ergo
729 1955 760 1986 vi
783 1958 785 1995 Ι
809 1957 889 1987 (lere
908 1957 1084 1997 quomodo
1103 1957 1231 1997 aliquid
1247 1957 1479 1989 diversimode
1495 1963 1546 1989 est
1561 1958 1593 1989 in
1610 1959 1773 1999 potentia,

302 2018 335 2044 et
361 2014 554 2044 secundum
579 2014 646 2045 hoc
671 2013 903 2045 diversimode
930 2014 962 2044 in
997 2025 1136 2053 ⁴genere.
1164 2015 1353 2046 Sciendum
1391 2021 1441 2046 est
1476 2015 1578 2056 igitur
1604 2017 1696 2056 quod
1723 2023 1775 2048 est

301 2071 388 2102 ordo
413 2070 447 2102 in
477 2071 613 2102 entibus
644 2071 677 2102 in
712 2071 867 2112 potentia
893 2082 981 2112 quae
1018 2083 1059 2103 ex
1095 2073 1163 2103 hoc
1189 2073 1282 2113 quod
1320 2078 1399 2103 sunt
1436 2073 1527 2104 entia
1553 2074 1586 2104 in
1621 2074 1774 2115 potentia

301 2133 381 2159 sunt
406 2128 506 2160 etiarn
533 2129 567 2159 in
592 2139 722 2171 genere
748 2129 840 2161 dicto
865 2130 970 2161 modo
996 2129 1028 2160 in
1067 2130 1230 2171 potentia.
1257 2131 1344 2161 Nam
1380 2131 1561 2171 quaedum,
1589 2143 1666 2162 cum
1704 2143 1774 2162 non

301 2187 431 2217 habent
457 2197 535 2218 esse
561 2186 764 2218 existentiae
789 2198 854 2219 nec
884 2187 1056 2219 esseutiae
1082 2188 1182 2218 etiam
1218 2199 1259 2219 ex
1291 2189 1519 2229 consequenti
1551 2189 1584 2220 in
1618 2200 1654 2220 se
1682 2190 1774 2231 ipsis,

300 2244 430 2275 habent
454 2254 532 2275 esse
557 2245 730 2276 essentiae
755 2250 787 2276 et
813 2245 1014 2276 existentiae
1041 2245 1073 2276 in
1100 2246 1170 2276 suis
1196 2246 1311 2277 causis
1337 2247 1389 2277 vel
1424 2246 1599 2288 principiis
1637 2247 1775 2278 diversi-

301 2302 414 2333 mode.
441 2302 542 2333 Entia
579 2302 669 2333 enim
707 2313 787 2333 vera
823 2308 855 2334 et
888 2314 958 2333 non
996 2303 1163 2334 diminuta
1200 2314 1288 2344 quae
1325 2304 1485 2335 dicuntur
1511 2315 1587 2335 esse
1614 2315 1692 2335 vere
1718 2317 1772 2336 res

302 2359 646 2401 praedicamentales,
665 2360 876 2401 quandoque
901 2361 1031 2391 habent
1057 2371 1134 2392 esse
1160 2361 1193 2392 in
1220 2372 1256 2392 se
1286 2361 1369 2403 ipsis
1395 2362 1583 2393 formaliter
1607 2368 1707 2403 prout
1734 2374 1773 2393 ex

301 2416 373 2447 suis
406 2415 584 2457 principiis
618 2417 660 2447 ad
694 2427 813 2448 eorum
850 2417 1036 2448 essentiam
1073 2417 1325 2458 pertinentibus
1363 2419 1541 2450 actualiter
1577 2419 1772 2450 coniunctis

301 2479 381 2505 sunt
405 2473 439 2505 in
464 2484 542 2506 esse
567 2474 739 2506 essentiae
765 2480 797 2506 et
823 2474 1025 2506 existentiae
1049 2475 1243 2506 constituta.
1269 2476 1491 2517 Quandoque
1518 2477 1619 2508 etiam
1645 2478 1774 2508 habent

301 2541 379 2563 esse
404 2537 498 2563 extra
534 2542 605 2563 non
638 2531 672 2563 in
705 2542 743 2564 se
780 2531 865 2574 ipsis
897 2532 1092 2571 formaliter,
1119 2533 1180 2564 sed
1206 2533 1238 2564 in
1276 2534 1346 2564 suis
1372 2534 1548 2575 principiis
1578 2534 1772 2573 virtualiter,

301 2589 347 2620 ita
383 2590 477 2630 quod
512 2590 627 2631 aliqua
663 2589 833 2631 principia
870 2590 1067 2621 essentialia
1103 2590 1175 2622 sive
1212 2591 1256 2621 ad
1295 2602 1413 2622 eorum
1451 2592 1636 2623 essentiam
1674 2593 1773 2634 perti-

300 2646 417 2679 nentia
442 2653 475 2679 et
510 2647 621 2689 ipsam
658 2647 887 2690 ingredientia
918 2648 984 2679 iam
1021 2647 1170 2679 existunt
1200 2648 1233 2679 in
1268 2659 1380 2680 rerum
1416 2655 1548 2689 natura,
1584 2656 1620 2681 ut
1653 2661 1772 2682 eorum

1667 2722 1699 2748 31

1831 1958 1895 1983 cod.
1910 1958 1934 1982 Y

1798 1993 1846 2019 fol,
1861 1995 1913 2019 282
1926 1994 1964 2018 Rh
