2493 3458
723 419 918 453 QUARTUM
947 418 1244 453 QUODLIBETUM,
1274 419 1309 453 Q.
1338 418 1364 443 X
1725 419 1776 443 335

883 625 1147 660 ΩΗΑΕΞΤΙΟ
1179 625 1205 650 x

962 703 1122 728 23REVI82.

359 799 465 825 Utrum
486 807 520 824 ex
535 798 698 833 principiis
718 800 835 823 tuntum
855 797 975 823 creditis
994 797 1040 823 vel
1059 797 1190 831 opinatis
1204 797 1300 831 possit
1318 796 1423 822 haberi
1440 798 1520 822 certa
1540 796 1664 822 scientia
1678 798 1724 828 (1).

1913 848 1934 856 ...

392 932 503 957 Postea
537 931 752 966 quaerebantur
783 930 840 956 duo
874 930 1049 965 pertinentia
1082 929 1119 955 ad
1151 934 1233 955 actus
1265 930 1406 955 humanos
1432 929 1615 963 generaliter.
1650 929 1777 954 Primum

308 983 369 1005 erat
398 983 492 1004 utrum
524 987 557 1004 ex
587 978 738 1013 principiis
769 982 880 1004 tanturn
908 977 1026 1003 creditis
1052 978 1099 1003 vel
1125 977 1252 1011 opinatis
1278 977 1371 1011 possit
1402 976 1503 1002 haberi
1535 980 1614 1002 certa
1646 976 1778 1002 scientia.

307 1026 474 1052 Secundum
495 1030 557 1052 erat
577 1031 671 1052 utrum
691 1026 762 1051 illud
779 1028 785 1041 ¹
816 1025 894 1060 quod
914 1025 1074 1051 secundum
1095 1033 1126 1050 se
1147 1029 1191 1051 est
1216 1025 1323 1050 malum
1354 1029 1383 1050 et
1402 1024 1534 1050 illicitum
1563 1024 1657 1058 possit
1681 1024 1778 1058 aliquo

307 1074 395 1100 modo
416 1083 481 1100 esse
501 1074 609 1099 bonum
630 1079 659 1099 et
679 1073 797 1099 licitum.
1837 1088 1901 1114 cod.
1916 1088 1935 1114 S

411 1123 414 1155 Ι
441 1121 488 1147 Ad
508 1121 632 1155 primum
652 1121 693 1147 sic
715 1120 892 1155 proceditur,
912 1125 941 1146 et
961 1120 1090 1155 arguitur
1110 1120 1189 1154 quod
1209 1128 1245 1145 ex
1264 1119 1414 1154 principiis
1434 1119 1527 1144 solum
1549 1119 1666 1145 creditis
1687 1118 1779 1153 possit
1810 1124 1859 1150 fol*
1874 1125 1908 1150 50
1921 1124 1962 1149 Ra

306 1169 407 1195 haberi
430 1169 550 1195 scientia
579 1173 658 1194 certa
673 1169 690 1200 ²,
720 1169 787 1203 quia
808 1168 951 1203 principia
967 1169 977 1183 ³
996 1168 1137 1194 scientiae
1160 1167 1377 1193 subalternatae
1403 1171 1470 1192 sunt
1497 1170 1608 1192 tantum
1636 1168 1638 1199 l
1665 1166 1778 1192 credita
1806 1198 1812 1200 -
1834 1159 1953 1202 cmlv-*P*

307 1225 371 1242 cum
394 1216 434 1242 ibi
457 1225 515 1242 non
539 1216 595 1242 sint
618 1216 715 1250 aliqua
739 1216 836 1250 priora
857 1224 892 1241 ex
916 1216 1020 1249 quibus
1047 1216 1214 1250 probentur.
1235 1214 1294 1241 Sed
1315 1223 1350 1240 ex
1370 1214 1476 1240 talibus
1496 1214 1646 1248 principiis
1667 1214 1780 1240 elicitur
1800 1197 1848 1223 ml*
1865 1197 1915 1221 1⁰³
1928 1195 1969 1220 w

307 1269 387 1290 certa
414 1264 536 1290 scientia
563 1264 792 1290 conclusionum.
812 1264 890 1298 Ergo
916 1268 945 1289 et
971 1268 1077 1289 cetera.
1104 1263 1176 1288 Item
1194 1264 1203 1277 ⁴
1231 1262 1381 1297 theologia
1405 1266 1449 1287 est
1475 1262 1597 1287 scientia
1627 1267 1655 1287 et
1682 1266 1778 1288 tamen

307 1320 364 1337 non
385 1312 473 1338 habet
493 1311 636 1346 principia
657 1311 710 1337 nisi
731 1310 850 1337 credita.
872 1311 949 1345 Ergo
970 1315 998 1336 et
1019 1315 1124 1336 cetera.

397 1360 514 1385 Contra.
536 1359 628 1384 Maior
651 1359 739 1385 dehet
759 1367 824 1384 esse
845 1358 989 1384 certitudo
1010 1358 1219 1392 principiorum
1241 1366 1327 1392 quam
1348 1357 1552 1389 conclusionis,
1573 1357 1640 1391 quia
1660 1362 1780 1392 propter

308 1407 387 1442 quod
414 1407 666 1441 unumquodque5
694 1411 722 1432 et
750 1406 820 1432 illud
847 1406 947 1441 magis.
977 1406 1036 1431 Sed
1062 1406 1156 1431 minor
1182 1410 1226 1431 est
1255 1405 1398 1431 certitudo
1428 1405 1495 1431 fidei
1523 1414 1609 1439 quam
1636 1405 1780 1431 certitudo

307 1455 456 1481 scientiae.
477 1455 554 1489 Ergo
574 1455 622 1480 ubi
644 1459 687 1480 est
708 1454 770 1479 sola
790 1454 863 1479 tides
884 1454 920 1479 de
940 1453 1099 1488 principiis,
1120 1462 1176 1479 non
1192 1457 1289 1488 potest
1303 1462 1367 1479 esse
1382 1453 1505 1479 scientia
1526 1453 1560 1478 de
1582 1453 1780 1479 conclusione.

396 1502 573 1537 Respondet)
594 1502 749 1527 dicendum
773 1502 851 1536 quod
879 1501 1058 1535 impossibile
1085 1506 1129 1527 est
1155 1510 1190 1526 ex
1217 1500 1367 1535 principiis
1391 1505 1501 1526 tantum
1529 1500 1647 1526 creditis
1674 1500 1779 1526 elicere

308 1550 458 1576 scientiam
490 1554 599 1576 certam
626 1550 662 1575 de
689 1549 934 1581 conclusionibus,
960 1549 1054 1584 primo
1081 1549 1157 1583 quia,
1186 1548 1261 1574 sicut
1293 1553 1401 1574 tactum
1434 1553 1477 1574 est
1509 1548 1537 1573 in
1570 1548 1747 1582 opponendo
1762 1549 1780 1579 ⁰,

308 1597 452 1623 certitudo
473 1598 692 1623 conclusionum
715 1606 772 1622 non
792 1601 889 1631 potest
912 1596 1119 1622 transcendere
1142 1596 1344 1622 certitudinem
1371 1595 1588 1629 principiorum,
1609 1595 1660 1621 sed
1683 1595 1781 1630 potius

307 1645 396 1671 debet
422 1654 486 1671 esse
512 1654 527 1671 e
554 1654 706 1671 converso.
735 1645 794 1670 Sed
814 1644 838 1670 si
855 1645 862 1659 ³
882 1653 917 1670 ex
943 1644 1093 1679 principiis
1119 1648 1229 1669 tantum
1256 1643 1375 1669 creditis
1401 1644 1446 1669 vel
1475 1643 1601 1677 opinatis
1627 1643 1781 1669 eliceretur

308 1693 429 1718 scientia
451 1697 538 1725 certa,
559 1693 703 1719 certitudo
730 1692 949 1718 conclusionum
977 1691 1197 1717 transcenderet
1224 1691 1428 1717 certitudinem
1455 1690 1671 1725 principiorum.
1702 1691 1780 1725 Ergo

308 1745 337 1766 et
352 1745 457 1766 cetera.
473 1741 564 1766 Maior
578 1745 675 1775 patet3
696 1741 789 1765 minor
804 1741 951 1774 probatur.
974 1740 1050 1773 Quia
1070 1739 1141 1765 illud
1159 1740 1167 1754 ³
1188 1739 1265 1773 quod
1279 1739 1367 1764 habet
1389 1738 1593 1764 certitudinem
1613 1738 1781 1764 evidentiae

309 1793 337 1814 et
364 1788 549 1814 adhaesionis
570 1787 749 1814 transcendit
775 1787 802 1813 iu
829 1787 1002 1813 certitudine
1028 1787 1122 1812 illud⁹
1143 1787 1220 1821 quod
1248 1787 1336 1812 hahet
1362 1786 1564 1811 certitudinem
1592 1785 1778 1811 adhaesionis

308 1841 426 1863 tautum.
456 1836 515 1861 Sed
541 1835 662 1861 scientia
691 1836 779 1861 habet
807 1835 1009 1861 certitudinezn
1030 1834 1195 1860 evidentiae
1224 1839 1252 1860 et
1279 1834 1473 1860 adhaesionis.
1505 1834 1578 1859 tides
1599 1838 1694 1859 autem
1721 1842 1778 1859 non

309 1885 396 1910 habet
417 1883 581 1909 evidentiae
602 1883 805 1909 certitudinem
824 1884 842 1897 '⁰
871 1883 923 1908 sed
944 1888 1054 1908 tantum
1076 1882 1271 1914 adhaesionis,
1292 1882 1391 1916 opinio
1413 1886 1508 1907 autem
1532 1886 1663 1907 neutram
1684 1882 1780 1907 hahet.

309 1933 386 1966 Ergo
418 1931 442 1957 si
481 1931 603 1957 scientia
642 1931 796 1956 eliceretur
834 1940 869 1956 ex
906 1930 1056 1964 principiis
1088 1934 1199 1955 tantum
1233 1929 1351 1955 creditis
1385 1930 1430 1955 vel
1462 1929 1597 1964 opinatis,
1635 1929 1780 1955 certitudo

308 1979 527 2005 conclusionum
547 1978 767 2004 transcenderet
781 1978 983 2004 certitudinem
1004 1978 1221 2012 principiorum,
1237 1982 1265 2003 et
1279 1977 1321 2003 sic
1342 1982 1422 2012 patet
1436 1977 1537 2002 minor.
1553 1993 1585 1995 —
1600 1976 1736 2002 Secundo
1755 1978 1782 2008 ¹¹,

310 2027 376 2062 quia
402 2027 473 2052 illud
487 2027 505 2041 ¹²
525 2026 603 2060 quod
630 2030 673 2052 est
699 2025 773 2051 infra
794 2025 944 2051 scientiam
965 2035 1023 2051 non
1044 2030 1141 2060 potest
1164 2034 1229 2051 esse
1249 2034 1338 2051 causa
1361 2024 1542 2051 certitudinis
1562 2025 1590 2050 in
1608 2026 1626 2039 ¹⁴⁹
1652 2024 1782 2050 scientia.

308 2074 368 2101 Sed
388 2074 547 2100 secundum
568 2074 723 2108 Hugonem
739 2076 777 2105 (2)
798 2073 872 2099 tides
893 2078 937 2099 est
956 2073 1030 2098 infra
1051 2073 1201 2099 scientiam
1223 2077 1252 2098 et
1271 2081 1359 2107 super
1375 2074 1393 2087 ¹⁴
1414 2072 1591 2106 opinionem.
1613 2073 1689 2107 Ergo
1710 2072 1784 2097 fides

310 2123 346 2148 de
378 2122 528 2157 principiis
560 2130 618 2147 non
649 2126 747 2156 potest
773 2130 894 2147 causare
920 2121 1071 2146 scientiam
1105 2120 1141 2146 de
1167 2120 1414 2146 conclusionibus.
1436 2120 1520 2146 L'nde
1550 2128 1603 2145 nec
1633 2120 1783 2154 theologia

310 2171 400 2196 nec¹⁵
431 2169 504 2195 alius
536 2169 653 2195 habitus
684 2169 848 2203 procedens
875 2177 910 2194 ex
937 2168 1088 2203 principiis
1113 2172 1224 2194 tantum
1251 2167 1369 2194 creditis
1402 2172 1500 2202 potest
1532 2176 1596 2193 esse
1614 2168 1633 2181 ¹¹¹
1661 2167 1784 2193 scientia

310 2217 427 2252 proprie
448 2217 534 2249 dieta,
555 2221 583 2242 et
606 2225 715 2250 ponere
739 2216 811 2242 tales
834 2216 969 2242 fictiones
992 2216 1028 2242 (le
1052 2216 1201 2250 theologia
1224 2216 1346 2241 multum
1370 2215 1494 2249 derogat
1521 2215 1689 2249 theologiae
1709 2224 1784 2249 quae

311 2265 400 2291 debet
419 2264 501 2290 inniti
522 2264 689 2290 auctoritati
709 2263 835 2290 divinae.

399 2312 446 2338 Ad
479 2312 603 2347 primum
631 2320 702 2346 ergo
723 2311 878 2337 dicendum
899 2311 977 2346 quod
998 2311 1090 2337 maior
1116 2315 1160 2337 est
1186 2310 1269 2343 falsa,
1296 2311 1363 2345 quia
1388 2311 1532 2346 principia
1558 2310 1698 2336 scientiae
1719 2311 1785 2336 sub-

402 2447 409 2460 ¹
425 2445 454 2471 id
475 2445 506 2471 C.
527 2461 560 2464 -
581 2444 726 2471 ²scientia
747 2445 835 2477 certa]
857 2448 936 2470 certa
956 2443 1079 2470 scientia
1100 2443 1132 2470 C.
1161 2459 1194 2462 —
1221 2444 1230 2458 ³
1244 2443 1418 2478 principium
1440 2444 1472 2470 C.
1499 2459 1531 2461 ᾉ
1561 2445 1569 2458 ‘¹
1584 2452 1638 2469 οηι.
1659 2443 1696 2471 S:
1717 2443 1784 2469 add.

312 2500 345 2519 211
364 2502 400 2519 m.
421 2493 459 2525 ὃς
479 2501 550 2527 ergo
565 2508 597 2511 —-
612 2492 691 2525 item]
711 2491 789 2518 unde
810 2496 838 2517 et
859 2491 891 2517 C.
911 2507 944 2510 —
965 2492 974 2506 ⁵
988 2491 1046 2517 tale
1065 2491 1132 2516 add.
1155 2491 1186 2517 C.
1208 2507 1240 2509 —
1261 2491 1271 2505 ⁰
1285 2491 1478 2526 proponendo
1500 2491 1531 2517 C.
1552 2507 1584 2510 —
1608 2492 1615 2505 ⁷
1630 2500 1684 2517 om.
1700 2491 1731 2517 C.
1752 2507 1785 2510 -—

313 2538 321 2551 s
335 2537 365 2563 id
380 2536 411 2563 C.
433 2553 465 2555 —
486 2537 495 2551 ⁵³
509 2536 538 2562 id
559 2536 590 2562 C.
613 2551 644 2554 —-
667 2537 686 2550 ¹⁰
700 2535 865 2561 evidentiae
881 2534 1095 2568 certitudinem]
1116 2534 1320 2560 certitudinem
1341 2534 1506 2560 evidentiae
1523 2535 1555 2560 C.
1572 2550 1603 2553 —
1626 2534 1785 2560 “secunda

312 2580 386 2606 ratio
406 2580 473 2606 talis
493 2584 538 2606 est
558 2579 590 2606 C.
610 2595 642 2598 -—
666 2579 685 2594 ¹²
699 2579 728 2605 id
749 2579 780 2605 C.
801 2595 834 2598 -
857 2579 876 2594 ¹³
896 2587 950 2604 om.
971 2578 1009 2611 S;
1030 2578 1098 2603 add.
1112 2584 1147 2603 2ss
1163 2587 1199 2604 m.
1214 2578 1242 2604 S.
1263 2594 1296 2597 —
1318 2579 1337 2593 ¹⁴
1357 2586 1445 2612 supra
1466 2577 1497 2604 C.
1516 2594 1548 2596 —
1571 2579 1590 2593 ¹³¹
1610 2578 1786 2612 quicumque

312 2624 380 2650 add.
401 2624 434 2650 C.
454 2639 487 2643 —
510 2624 530 2639 ¹⁵
543 2631 632 2649 causa
652 2623 720 2648 add.
736 2622 768 2649 C.

401 2714 439 2745 (ι)
461 2711 521 2738 Cfr.
541 2721 590 2747 pp.
610 2713 736 2738 260-264.
757 2727 790 2730 -
811 2713 849 2743 (2)
870 2710 930 2737 Cfr.
951 2719 978 2745 p.
999 2712 1059 2743 261,
1079 2719 1105 2736 n.
1127 2712 1174 2741 ιι).
