2493 3458
543 553 606 580 cod.
618 554 640 579 P

513 588 561 615 fol.
575 590 625 615 140
636 589 675 615 Ra

541 2097 605 2124 cod.
618 2097 644 2123 V

510 2132 560 2159 fol.
572 2134 624 2159 257
636 2133 675 2158 Ra

698 422 732 446 46
1062 418 1250 445 MAGISTRI
1280 418 1497 444 GODEFRlDl
1528 419 1578 444 DE
1607 418 1804 445 FONTlBUS

787 509 998 551 Respondeo
1027 508 1212 540 dicendum
1243 508 1346 549 quod,
1381 518 1456 539 cuin
1484 507 1651 549 perfectio
1684 514 1717 539 et
1743 507 1922 549 plenitudo
1954 506 2166 549 operationis

699 566 732 598 in
750 577 817 608 qua
834 576 901 598 con
923 568 927 607 Ι
949 565 1035 597 sistit
1060 565 1291 607 principaliter
1316 565 1494 597 beatitudo
1512 572 1700 605 consurgat
1717 576 1757 596 ex
1776 565 1988 606 perfectione
2006 571 2039 597 et
2055 565 2166 597 excel·

698 623 802 655 lentia
827 618 951 655 obiecti
977 623 1070 664 quod
1096 629 1148 654 est
1173 623 1247 664 ipsa
1273 622 1388 653 divina
1413 622 1573 659 essentia,
1603 629 1635 654 et
1658 623 1663 639 ¹
1689 633 1728 653 ex
1755 622 1968 664 perfectione
1993 628 2026 654 et
2044 622 2165 654 virtute

698 681 874 723 potentiae
909 681 982 712 sive
1014 681 1060 712 rei
1093 681 1192 712 cuius
1226 686 1277 711 est
1309 680 1383 721 ipsa
1411 679 1578 721 operatio,
1604 680 1761 711 scilicet²
1791 679 1898 722 ipsius
1928 679 2168 712 rationabilis³

698 744 886 776 creaturae,
922 744 1037 780 potest
1074 738 1276 781 contingere
1314 737 1625 779 impedimentum⁴
1661 749 1680 769 a
1721 737 1933 779 perfectione
1968 737 2165 769 huiusmodi

698 796 910 838 operationis
949 802 1007 828 aut
1046 806 1087 827 ex
1128 795 1362 827 subtractione
1402 795 1511 836 ipsius¹
1550 795 1676 826 obiecti
1716 795 1958 836 qualicumque
1998 795 2166 827 existente

699 853 927 895 dispositione
955 859 989 885 et
1017 853 1230 895 perfectione
1257 853 1290 884 in
1320 853 1477 884 subiecto
1506 852 1604 884 cuius
1633 859 1685 884 est
1713 852 1789 884 talis
1808 852 1819 869 ⁵
1847 852 2013 895 operatio,
2039 858 2097 884 aut
2125 864 2166 884 ex

698 911 959 953 imperfectione
988 910 1156 942 existente
1185 910 1218 941 in
1248 910 1324 951 ipso
1353 910 1511 941 subiecto
1537 909 1608 941 sive
1634 910 1667 941 in
1697 910 1771 941 eius
1801 910 1954 951 potentia
1983 915 2016 942 et
2044 910 2166 942 virtute

698 969 889 1000 secundum
909 979 1010 1010 quam
1041 967 1203 999 convenit
1221 968 1250 999 ei
1276 967 1473 999 huiusmodi
1499 967 1664 1009 operatio.
1692 967 1804 998 Primo
1829 968 1934 999 modo
1959 978 2030 999 non
2056 967 2166 1009 potuit

698 1026 853 1068 impediri
893 1026 1007 1057 anima
1040 1025 1166 1057 Christi
1199 1037 1218 1056 a
1258 1025 1472 1067 plenitudine
1505 1024 1737 1062 beatitudinis,
1771 1035 1812 1055 eo
1853 1025 1946 1066 quod
1988 1035 2164 1066 nunquam

1650 1082 1661 1097 ‘⁵
1689 1082 1783 1114 unita
1813 1082 1875 1114 fuit
1899 1083 1951 1114 vel
1977 1089 2166 1124 assumpta,

698 1084 759 1115 fuit
788 1084 900 1115 anima
929 1083 1113 1115 benedicta
1142 1083 1279 1120 Christi,
1309 1089 1490 1124 postquam
1521 1082 1630 1124 primo

698 1152 717 1173 a
745 1141 862 1173 divino
891 1141 1073 1182 supposito
1102 1147 1271 1182 separata,
1297 1151 1362 1171 nec
1391 1140 1500 1171 deitas
1529 1152 1547 1171 a
1577 1146 1769 1181 conspectu
1803 1140 1998 1172 intellectus
2030 1139 2165 1172 animae

697 1210 734 1230 se
760 1198 935 1230 subtraxit.
956 1197 967 1214 ⁷
997 1199 1101 1229 lmmo
1128 1199 1320 1229 secundum
1351 1197 1485 1238 aliquos
1516 1203 1676 1229 manente
1707 1197 1836 1229 unione
1865 1197 1897 1228 in
1928 1197 2058 1229 unitate
2087 1208 2167 1240 sup-

698 1256 799 1298 positi
817 1267 886 1288 non
906 1256 1029 1297 poterit
1045 1255 1117 1287 fieri
1141 1255 1329 1287 subtractio
1355 1255 1489 1286 deitatis
1513 1254 1645 1286 ratione
1670 1254 1796 1286 obiecti
1823 1255 1986 1290 fruibilis:
2013 1254 2165 1297 alioquin

699 1319 817 1354 posset
857 1320 976 1345 natura
1016 1313 1192 1345 rationalis
1233 1318 1410 1354 assumpta
1450 1324 1527 1343 esse
1568 1312 1767 1353 simpliciter
1811 1312 1929 1344 viatrix
1971 1319 2003 1344 et
2043 1312 2165 1344 mereri

697 1371 840 1414 gloriam
881 1377 913 1403 ct
953 1371 1053 1402 etiam
1094 1370 1259 1402 demereri
1302 1377 1334 1402 et
1374 1380 1520 1411 peccare
1553 1381 1642 1411 quae
1684 1370 1843 1401 videntur
1875 1370 2165 1402 inconvenientia.

697 1429 862 1461 Secundo
892 1429 996 1460 inodo
1026 1428 1126 1460 etiam
1158 1428 1291 1459 videtur
1324 1427 1495 1469 aliquibus
1528 1428 1622 1468 quod
1659 1439 1728 1459 non
1763 1427 1873 1469 potuit
1905 1427 2061 1469 impediri
2095 1438 2164 1460 non

696 1487 805 1518 solum
836 1486 948 1518 anima
975 1485 1101 1517 Christi
1131 1486 1191 1517 sed
1222 1496 1287 1517 nec
1316 1485 1430 1516 anima
1459 1485 1642 1517 cuiuslibet
1671 1485 1818 1517 alterius.
1845 1485 1936 1526 Quia
1965 1495 2042 1517 cum
2061 1485 2166 1518 beati-

696 1545 780 1576 tudo
814 1543 1044 1586 principaliter
1075 1543 1242 1575 consistat
1275 1542 1307 1574 in
1349 1542 1480 1574 visione
1521 1543 1636 1575 nudae
1665 1542 1802 1574 «livinae
1822 1544 1833 1555 '⁸
1872 1543 2044 1575 essentiae
2077 1554 2167 1585 quae

696 1612 765 1633 non
795 1601 930 1633 videtur
958 1601 1022 1632 nisi
1049 1600 1269 1632 intellectuali
1299 1600 1443 1634 visione.
1473 1600 1666 1632 intellectus
1702 1606 1816 1632 autem
1851 1611 1921 1632 non
1958 1600 2091 1643 indiget
2122 1600 2166 1632 ad

696 1659 882 1701 perfectam
913 1658 963 1690 sui
993 1658 1231 1700 operationem
1261 1668 1407 1699 corpore
1437 1657 1501 1689 nisi
1533 1664 1672 1700 propter
1702 1659 1943 1700 phantasmata
1972 1657 2005 1690 in
2040 1658 2166 1700 quibus

696 1717 870 1749 veritatem
908 1716 1154 1759 intelligibilem
1191 1715 1351 1753 intuetur,
1386 1716 1427 1746 ad
1466 1715 1634 1747 visionem
1668 1722 1782 1747 autem
1819 1716 1946 1747 nudam
1983 1722 2017 1747 et
2051 1715 2166 1747 imme-

695 1775 821 1806 diatam
854 1774 991 1806 <livinae
1023 1773 1195 1805 essentiae
1228 1774 1469 1815 phantasmata
1502 1784 1570 1804 non
1605 1779 1846 1815 cooperantur,
1877 1792 1911 1796 —
1943 1773 2022 1805 ideo
2055 1783 2166 1814 aeque

696 1833 847 1874 perfecte
874 1838 908 1863 ut
933 1831 1076 1869 videtur,
1109 1831 1202 1863 videt
1226 1831 1340 1862 anima
1368 1831 1480 1862 Deum
1510 1830 1584 1862 sine
1609 1841 1756 1872 corpore
1781 1830 1869 1862 sicut
1899 1841 1976 1862 cum
2006 1841 2165 1872 corpore.

784 1892 871 1921 Cum
897 1889 1009 1927 etiam,
1036 1894 1070 1920 ut
1101 1889 1239 1920 dicebat
1271 1889 1500 1930 respondens,
1526 1888 1704 1920 beatitudo
1729 1899 1800 1920 non
1836 1889 1918 1919 fluat
1937 1888 1948 1904 ⁹
1972 1899 1991 1919 a
2020 1899 2166 1930 corpore

696 1949 728 1980 in
764 1947 924 1985 animam,
963 1947 1024 1979 sed
1060 1946 1170 1989 inagis
1207 1957 1226 1978 e
1260 1956 1432 1978 converso
1468 1947 1511 1977 ab
1547 1945 1661 1977 anima
1693 1945 1725 1977 in
1769 1956 1897 1987 corpus
1933 1946 2027 1987 quod
2063 1945 2164 1978 etiarn

695 2005 884 2048 gloriosum
910 2004 1057 2037 efficitur
1082 2015 1143 2046 per
1167 2004 1341 2045 quandam
1366 2003 1630 2035 redundantiam
1658 2003 1790 2045 gloriae
1817 2003 1952 2035 animae
1977 2003 2010 2035 in
2041 2003 2165 2045 ipsum,

697 2063 832 2095 videtur
855 2063 948 2104 quod
978 2073 1107 2104 corpus
1132 2072 1151 2093 a
1176 2072 1238 2093 sua
1266 2061 1376 2103 gloria
1405 2061 1611 2103 impediatur
1638 2072 1679 2093 ex
1708 2061 1928 2103 separatione
1957 2061 2092 2093 animae
2122 2061 2165 2092 ab

698 2121 784 2162 ipso,
814 2121 875 2152 sed
909 2119 1023 2151 anima
1056 2130 1075 2150 a
1119 2122 1122 2160 ι
1169 2130 1232 2150 sua
1261 2119 1370 2161 gloria
1404 2119 1498 2150 nullo
1530 2119 1635 2150 modo
1661 2118 1845 2160 impeditur
1874 2129 1916 2150 ex
1945 2119 2165 2160 separatione

696 2178 853 2220 corporis
882 2179 925 2209 ab
951 2177 1046 2219 ipsa:
1082 2183 1118 2208 ut
1148 2176 1182 2208 in
1212 2176 1447 2218 resumptione
1466 2176 1490 2193 ¹⁰
1524 2176 1681 2218 corporis
1715 2186 1785 2208 non
1819 2182 1954 2208 crescat
1986 2175 2165 2208 beatitudo

695 2235 876 2273 intensive,
901 2236 963 2266 sed
988 2240 1119 2266 tantum
1138 2234 1324 2273 extensive,
1343 2233 1441 2275 quasi
1459 2234 1590 2266 scilicet
1615 2233 1729 2265 anima
1755 2244 1795 2265 ex
1818 2233 2017 2265 huiusmodi
2036 2233 2165 2266 unione

696 2304 766 2324 non
791 2293 896 2325 habet
931 2292 1117 2334 perfectius
1153 2297 1266 2323 actum
1301 2291 1440 2323 videndi
1472 2291 1583 2323 Deum
1614 2291 1648 2323 in
1679 2302 1748 2332 quo
1783 2291 1941 2323 consistit
1976 2291 2165 2330 beatitudo,

696 2351 757 2383 sed
783 2361 824 2382 ex
849 2351 969 2382 anima
991 2350 1013 2367 ¹¹
1039 2350 1140 2382 etiam
1165 2349 1360 2382 extenditur
1384 2355 1418 2381 et
1441 2349 1613 2381 redundat
1637 2349 1681 2380 ad
1706 2359 1834 2391 corpus
1868 2349 1963 2390 quod
1989 2348 2164 2391 perfectis-

695 2408 780 2440 sime
804 2409 910 2440 habet
933 2407 1100 2449 perficere
1124 2417 1203 2439 cum
1229 2413 1280 2439 est
1304 2406 1506 2450 glorificata.

783 2466 854 2498 Sed
878 2466 947 2497 hoc
974 2475 1046 2497 non
1075 2465 1174 2497 valet.
1200 2464 1302 2506 Quia,
1326 2464 1407 2496 licet
1435 2464 1570 2496 animae
1598 2464 1633 2496 in
1662 2464 1796 2496 visione
1825 2463 1963 2496 divinae
1992 2464 2164 2496 essentiae

695 2534 766 2556 non
783 2523 980 2556 deserviant
1004 2524 1255 2565 phantasmata,
1273 2533 1339 2554 nec
1363 2533 1404 2554 ex
1429 2532 1576 2564 corpore
1593 2521 1665 2554 sive
1683 2532 1724 2554 ex
1748 2521 1822 2554 eius
1839 2521 1950 2565 gloria
1970 2522 2054 2553 fluat
2069 2522 2123 2554 vel
2141 2521 2166 2538 ¹²

785 2666 792 2680 ¹
806 2663 849 2689 bis
861 2664 895 2690 V.
910 2680 943 2683 —
957 2664 968 2679 ²
981 2673 1035 2690 om.
1049 2664 1080 2690 P.
1095 2680 1127 2683 -—-
1140 2664 1151 2679 ⁸
1164 2663 1314 2690 rationalis
1329 2663 1360 2689 P.
1380 2679 1412 2683 —
1427 2665 1437 2678 ⁴
1450 2663 1659 2698 impedimenta
1673 2663 1703 2689 P.
1718 2679 1750 2682 —
1771 2664 1782 2678 ⁵
1794 2662 1858 2698 ipsa
1878 2663 1908 2688 P.
1923 2678 1957 2682 -
1971 2663 1982 2677 ⁰
1994 2666 2062 2697 post
2081 2662 2115 2688 V.
2130 2678 2163 2681 —

696 2709 704 2723 ⁷
718 2707 861 2735 subtrahit
873 2708 904 2734 P.
919 2724 951 2727 —
966 2708 976 2723 ⁸
989 2717 1044 2734 om.
1058 2707 1088 2734 P.
1102 2723 1135 2726 —
1149 2708 1160 2722 ⁹
1172 2707 1235 2733 fluit
1247 2707 1278 2733 P.
1292 2723 1325 2726 —
1341 2707 1361 2722 ¹⁰
1374 2707 1586 2734 resurrectione
1600 2707 1631 2733 P.
1645 2723 1678 2726 -
1695 2708 1712 2722 ¹¹
1727 2715 1780 2733 sua
1794 2706 1857 2733 PV.
1872 2722 1904 2725 ——
1921 2706 1941 2722 ¹²²
1953 2706 2023 2732 nihi]
2037 2706 2069 2732 V.
