2493 3458
694 417 888 450 QUARTUM
918 416 1214 451 „QUODLIBETURL
1244 417 1279 450 Q.
1308 416 1390 442 XVII
1722 416 1774 440 345

325 541 328 544 .
389 505 499 540 Quinto
529 505 578 531 sic.
600 505 676 539 Quia
706 509 754 531 aut
783 508 898 531 tenetur
927 504 1052 539 experiri
1078 504 1115 530 ad
1144 508 1255 530 eertum
1284 508 1399 539 tempus
1426 508 1475 530 aut
1500 513 1566 530 non.
1595 503 1626 529 Si
1651 511 1709 529 non
1735 502 1773 528 ad

299 557 411 580 certum
431 557 556 588 tempus,
575 561 647 587 ergo
673 553 719 578 vel
746 552 891 578 tenebitur
916 556 1060 586 perpetuo
1080 560 1239 584 remanere,
1259 551 1338 586 quod
1365 551 1460 577 nullus
1487 555 1584 586 potest
1600 552 1616 582 ¹,
1645 551 1690 576 vel
1720 550 1774 576 erit

300 601 428 627 incertus
451 600 567 635 quando
588 599 751 635 impleverit
774 599 844 625 illud
859 600 869 614 ‘-'
897 599 934 625 ad
954 599 1033 634 quod
1052 599 1206 626 tenebatur
1226 599 1304 633 quod
1324 603 1368 625 est
1388 599 1605 625 inconveniens.
1625 598 1656 624 si
1676 602 1772 624 autem

301 652 415 675 tenetur
435 648 471 674 ad
499 652 609 674 certum
629 652 753 682 tempus,
773 651 843 682 puta
870 647 905 673 ad
932 651 1023 673 totum
1052 655 1157 672 annum
1183 646 1366 681 probationis
1390 646 1437 672 vel
1466 646 1527 672 ‘ad-‘⁵
1556 646 1633 672 aliud
1662 650 1772 672 certum

299 700 416 731 tempus
441 695 515 721 infra
542 696 621 721 illum
651 704 765 727 annum⁷
794 699 861 721 tunc
887 694 988 720 saltem
1018 698 1117 729 potest
1145 693 1252 720 intrare
1278 702 1341 720 cum
1369 693 1522 728 proposito
1549 693 1673 719 exeundi
1705 697 1773 727 post

301 743 371 769 illud
404 748 527 778 tempus.
560 743 619 769 Sed
650 752 707 768 non
740 742 829 768 refert
860 746 954 768 utrum
987 742 1094 768 habeat
1126 741 1309 776 propositum
1337 741 1460 767 exeundi
1489 741 1586 767 statim
1616 745 1771 775 postquam

301 791 418 817 intravit
444 791 514 816 vel¹
544 795 611 825 post
637 799 766 816 mensem
796 790 843 815 vel
869 798 974 815 amium
1001 793 1067 823 post
1083 789 1099 814 ⁵.
1129 789 1206 823 Ergo
1226 797 1284 814 non
1313 792 1427 814 tenetur
1456 789 1564 814 habere
1590 788 1772 823 propositum

300 838 470 865 remanendi
490 838 530 864 ibi
556 842 820 872 quantumcumque
841 837 996 869 modicum,
1025 836 1080 862 nisi
1100 835 1175 862 forte
1205 845 1257 870 per
1286 836 1424 862 accidens
1454 841 1573 871 propter
1602 835 1772 862 scandalum

301 886 451 912 vitandum
480 885 504 912 si
534 886 697 911 immineret
727 894 761 911 ex
787 885 849 910 eius
879 884 964 910 exitu.
995 884 1024 910 Si
1053 884 1171 917 ‘dicatur
1198 884 1277 918 quod
1306 888 1421 909 tenetur
1450 884 1557 909 habere
1589 883 1772 918 propositum

300 934 468 960 remanendi
484 934 493 947 '¹
519 942 577 959 non
604 933 640 958 ad
667 937 777 958 certum
802 936 918 966 tempus
944 932 997 958 sed
1024 935 1162 966 quantum
1183 932 1263 957 Deus
1289 931 1344 956 sibi
1361 931 1369 945 ⁷
1394 931 1587 965 inspiraverit,
1607 940 1665 956 non
1686 931 1771 956 valet.

301 981 377 1015 Quia
409 981 450 1007 sic
482 985 630 1006 teneretur
660 989 811 1006 remanere
847 980 874 1005 in
907 984 1088 1014 perpetuum,
1121 979 1188 1013 quia
1226 979 1280 1004 nisi
1314 984 1436 1013 poneret
1469 979 1592 1010 obicem,
1631 978 1772 1004 Dominus

300 1028 455 1063 inspiraret
486 1028 542 1054 sibi
568 1028 698 1062 profiteri
724 1028 812 1053 multo
839 1028 905 1062 plus
931 1036 1016 1061 quum
1045 1026 1177 1061 experiri.
1198 1026 1265 1060 Ipse
1289 1026 1376 1051 etiam
1400 1030 1501 1060 posset
1522 1030 1630 1051 temere
1651 1025 1771 1051 definire

300 1080 328 1102 et
348 1075 541 1102 determinare
563 1080 702 1110 quantum
723 1075 748 1100 ei
765 1076 773 1089 *¹
793 1074 934 1100 Dominus
955 1074 1134 1108 inspirasset.

388 1123 477 1149 Sexto
499 1123 548 1149 sie.
570 1123 600 1148 Si
627 1127 740 1148 tem—tur
766 1123 874 1148 habere
900 1122 1081 1156 propositum
1112 1121 1280 1147 remanendi
1307 1121 1423 1155 quando
1453 1121 1548 1152 intrat7
1578 1125 1626 1146 aut
1652 1121 1707 1146 hoc
1728 1125 1772 1147 est

299 1175 410 1197 tantum
432 1170 498 1205 quia
525 1170 687 1205 proposuit,
716 1174 764 1196 aut
791 1170 857 1204 quia
884 1169 972 1195 vovit.
999 1170 1064 1195 Non
1093 1169 1160 1203 quia
1189 1169 1350 1203 proposuit,
1377 1169 1445 1203 quia
1470 1169 1562 1194 solum
1590 1168 1771 1203 propositum

297 1227 355 1244 non
387 1219 507 1253 obligat.
537 1218 599 1244 Nec
630 1218 717 1243 etium
744 1217 810 1251 quia
837 1218 927 1249 vovit,
954 1217 1021 1251 quia
1047 1221 1096 1242 aut
1122 1216 1203 1242 vovit
1231 1225 1383 1242 remanere
1409 1220 1458 1242 aut
1484 1216 1564 1241 vovit
1590 1216 1771 1250 propositum

299 1266 476 1292 remanendi.
505 1266 573 1291 Non
602 1266 668 1300 quid
698 1265 778 1290 vovit
807 1273 967 1296 remanere,
987 1265 1054 1298 quia
1083 1269 1151 1290 tunc
1180 1272 1326 1298 nunquam
1357 1264 1434 1289 licite
1464 1268 1564 1298 posset
1593 1264 1679 1289 exire.
1709 1264 1771 1289 Nec

299 1314 385 1340 etiam
410 1313 476 1348 quia
500 1313 581 1339 vovit
601 1313 782 1347 propositum
804 1312 982 1343 remanendi,
1003 1312 1069 1346 quia
1093 1316 1192 1337 votum
1212 1320 1269 1337 non
1291 1311 1369 1337 cadit
1389 1320 1477 1346 super
1497 1319 1592 1337 actum
1614 1310 1771 1337 voluntatis

298 1362 426 1388 elicitum
457 1361 523 1396 quia
552 1361 647 1387 nullus
676 1364 765 1386 vovet
793 1368 959 1394 proponere
989 1360 1034 1385 vel
1061 1359 1145 1391 velle,
1174 1359 1227 1384 sed
1257 1359 1335 1385 cadit
1364 1368 1451 1393 super
1477 1363 1573 1384 actum
1598 1359 1770 1393 imperatum

299 1418 384 1444 quem
412 1409 476 1443 quis
501 1409 639 1443 proponit
665 1409 711 1434 vel
738 1408 805 1433 vult.
827 1408 857 1433 Si
878 1416 948 1442 ergo
969 1416 1023 1433 nec
1044 1407 1124 1432 vox-it
1143 1415 1293 1433 remanere
1316 1416 1371 1433 nec
1391 1407 1572 1441 propositum
1593 1406 1770 1439 remanendi,

298 1457 349 1483 sed
370 1461 480 1482 tantum
500 1456 608 1482 nudum
635 1455 816 1491 propositum
837 1456 937 1480 habuit
957 1455 992 1480 de
1013 1454 1200 1485 remanendo,
1221 1454 1318 1480 dicere
1346 1455 1424 1489 quod
1452 1463 1508 1480 non
1539 1454 1631 1488 possit
1659 1459 1770 1480 mutare

298 1505 481 1539 propositum
504 1504 539 1530 de
554 1504 732 1529 remanendo
753 1503 827 1529 sicut
847 1512 900 1528 nec
924 1506 1022 1536 potest
1048 1506 1159 1528 mutare
1182 1502 1365 1536 propositum
1387 1502 1423 1528 (le
1444 1502 1586 1534 intrando,
1608 1506 1651 1527 est
1672 1502 1770 1527 dicere

298 1551 536 1583 contradictoria,
574 1551 685 1577 scilicet
718 1551 796 1586 quod
828 1550 966 1576 mutabile
998 1559 1055 1575 non
1088 1550 1125 1575 sit
1155 1549 1303 1575 mutabile.
1336 1549 1441 1575 Dicere
1474 1550 1561 1575 etiam
1595 1549 1673 1584 quod
1712 1558 1769 1574 non

297 1600 390 1634 possit
410 1603 521 1625 mutare
535 1598 717 1633 propositum
738 1598 773 1624 de
794 1598 972 1623 remanendo
992 1601 1021 1623 et
1041 1601 1138 1623 tamen
1158 1597 1251 1632 possit
1271 1606 1328 1622 non
1349 1606 1508 1629 remanere,
1529 1601 1573 1623 est
1593 1597 1768 1622 irrationale.

298 1647 328 1673 Si
358 1647 472 1673 dicatur
500 1647 579 1681 quod
608 1646 695 1672 debet
722 1646 828 1672 intrare
854 1655 918 1671 cum
948 1645 1124 1680 proposito¹¹
1153 1644 1323 1679 experiendi
1349 1646 1371 1671 si
1399 1645 1497 1679 placet
1525 1645 1589 1677 sibi,
1618 1645 1674 1670 hoc
1700 1644 1769 1670 nihil

298 1699 342 1721 est
363 1695 471 1721 dictum
485 1696 513 1726 ¹⁰,
543 1694 609 1729 quia
630 1694 716 1720 etiam
737 1694 799 1719 sine
820 1702 1004 1728 quocuxnspie
1025 1698 1093 1719 voto
1117 1698 1145 1719 et
1165 1694 1226 1719 sine
1248 1694 1380 1728 ingressu
1400 1693 1488 1719 habet
1509 1693 1565 1718 tale
1587 1692 1769 1727 propositum

299 1743 543 1774 condicionatum,
564 1742 677 1768 scilicet
697 1742 775 1775 quod
796 1741 962 1776 experiatur
981 1741 1005 1766 si
1025 1742 1122 1775 placet
1142 1741 1205 1767 sibi.

386 1790 445 1816 Sed
471 1794 571 1816 contra
592 1790 647 1816 hoc
668 1793 768 1824 posset
788 1789 864 1815 obici
885 1788 934 1814 sic.
956 1789 1066 1814 Intrare
1096 1793 1124 1814 et
1150 1798 1207 1814 non
1234 1788 1359 1823 experiri
1385 1798 1437 1814 nec
1464 1797 1614 1814 remanere
1641 1797 1697 1813 non
1725 1791 1769 1813 est

297 1839 414 1864 bonum.
446 1838 524 1872 Ergo
557 1838 662 1863 intrare
698 1837 759 1863 sine
797 1837 948 1871 proposito
975 1837 1144 1871 experiendi
1170 1845 1227 1862 non
1253 1841 1298 1862 est
1329 1836 1449 1862 materia
1482 1836 1551 1865 voti,
1583 1845 1637 1862 nec
1672 1840 1770 1871 potest

297 1886 401 1920 aliquis
419 1887 435 1901 ¹¹
468 1885 547 1911 licite
573 1894 682 1911 vovere
708 1884 747 1910 ita
774 1885 851 1919 quod
885 1893 942 1909 non
975 1884 1148 1918 experiatur.
1182 1885 1258 1919 Ergo
1290 1893 1344 1910 nec
1377 1884 1478 1918 implet
1510 1888 1608 1909 votum
1641 1883 1719 1910 licite
1745 1884 1770 1909 si

296 1933 383 1959 intrat
415 1942 480 1959 cum
512 1933 665 1968 proposito
691 1941 748 1958 non
775 1932 943 1957 remanendi
970 1933 1015 1957 vel
1042 1941 1099 1957 non
1125 1932 1303 1966 experiendi.
1331 1947 1363 1950 —
1389 1931 1436 1957 Ad
1462 1932 1517 1957 hoe
1543 1936 1587 1957 est
1613 1931 1769 1957 dicendum

297 1981 374 2016 quod
394 1981 465 2007 illud
486 1980 564 2015 quod
590 1989 647 2006 nou
668 1984 712 2006 est
734 1979 905 2014 simpliciter
925 1985 953 2005 et
972 1979 1176 2005 universaliter
1201 1980 1319 2011 bonum,
1340 1983 1437 2014 potest
1458 1988 1522 2005 esse
1552 1980 1659 2005 bonum
1684 1979 1769 2005 alicui

296 2033 325 2054 et
363 2029 390 2054 in
423 2037 500 2054 casu.
533 2028 615 2054 Sicut
647 2029 670 2053 si
703 2028 807 2062 aliquis
845 2036 902 2053 nou
936 2032 1036 2061 posset
1068 2027 1159 2053 vitare
1192 2032 1315 2053 mortem
1348 2027 1403 2053 nisi
1439 2026 1573 2052 vovendo
1606 2027 1768 2061 ingressum

297 2076 446 2110 religionis
476 2085 541 2101 cum
570 2076 722 2110 proposito
749 2075 883 2105 exeundi,
913 2075 981 2100 licet
1007 2075 1072 2100 talis
1102 2075 1250 2109 ingressus
1280 2084 1338 2100 non
1367 2074 1403 2100 sit
1429 2074 1601 2109 simpliciter
1629 2075 1723 2100 bonus
1743 2075 1769 2100 ei

298 2124 346 2158 qui
364 2124 383 2138 '²'
406 2123 453 2157 [ad
475 2123 643 2149 vovendum
673 2123 699 2149 ei
729 2123 786 2157 qui]
821 2123 857 2148 ad
881 2123 936 2148 hoc
969 2132 1025 2148 non
1055 2124 1057 2155 Ι
1084 2123 1269 2157 compellitur
1298 2127 1377 2148 metu
1397 2122 1505 2153 mortis,
1526 2123 1576 2148 tali
1602 2126 1699 2148 tamen
1726 2127 1770 2148 est

297 2172 391 2197 bonus
424 2171 460 2197 ad
501 2171 667 2197 vovendum
686 2172 713 2197 ¹¹¹.
746 2172 789 2196 Ita
816 2172 818 2204 Ι
845 2171 931 2197 etiarn
964 2171 1032 2197 licet
1064 2171 1170 2196 intrare
1205 2179 1270 2196 cum
1304 2170 1455 2204 proposito
1488 2170 1612 2195 exeundi
1644 2179 1701 2196 non
1734 2170 1771 2195 sit

297 2219 405 2245 bonum
426 2219 452 2244 ei
473 2219 520 2253 qui
541 2227 599 2244 non
619 2223 663 2244 est
683 2219 830 2253 obligatus
850 2218 887 2244 ad
917 2219 1079 2253 ingressum
1101 2219 1167 2252 quia
1196 2218 1274 2244 nulla
1304 2219 1380 2243 bona
1407 2218 1566 2244 intentione
1587 2218 1641 2243 hoc
1670 2222 1771 2252 posset

296 2266 404 2298 facere,
424 2270 522 2292 tamen
542 2266 590 2291 ille
612 2266 660 2300 qui
690 2270 734 2292 est
764 2266 861 2300 aliquo
892 2266 979 2291 modo
1001 2270 1121 2292 coactus
1141 2265 1178 2291 ad
1207 2265 1372 2291 intrandum
1402 2274 1454 2300 per
1483 2270 1583 2291 votum
1613 2270 1640 2291 et
1664 2265 1771 2291 invitus

298 2313 515 2349 quodammodo
533 2315 551 2328 ¹³
571 2313 666 2343 intrat,
681 2317 780 2347 potest
800 2313 877 2339 licite
899 2313 1014 2345 inu-are,
1030 2314 1096 2348 quia
1117 2314 1172 2339 hoc
1193 2313 1271 2339 bona
1291 2313 1451 2339 intentione
1472 2313 1543 2339 facit
1563 2313 1599 2338 ad
1620 2313 1769 2339 vitandum

297 2361 410 2387 scilicet
429 2365 552 2387 mortem
569 2362 589 2376 ¹³¹
608 2361 788 2395 spiritualem
810 2361 1052 2395 transgressionis
1073 2361 1150 2393 voti3
1174 2361 1249 2387 sicut
1269 2360 1356 2386 etiam
1373 2361 1393 2375 ¹¹¹
1415 2360 1463 2386 ille
1485 2361 1532 2395 qui
1556 2365 1644 2386 vovet
1664 2360 1770 2386 intrare

297 2417 362 2435 cum
383 2409 534 2444 proposito
555 2408 678 2435 exeundi
701 2413 820 2435 coactus
841 2413 919 2434 metu
940 2409 1039 2434 mortis
1061 2409 1232 2443 corporalis,
1252 2408 1331 2434 licite
1359 2408 1430 2434 facit
1451 2412 1479 2434 et
1503 2409 1580 2434 bona
1601 2408 1770 2434 intentione.

389 2536 395 2549 ¹
410 2534 492 2569 ponit
507 2534 539 2560 C.
560 2549 592 2552 —
608 2534 618 2549 ‘²
631 2533 660 2560 id
676 2534 707 2560 C.
723 2549 755 2552 —
769 2534 779 2549 ³
793 2534 912 2568 aliquod
925 2535 994 2560 add.
1012 2534 1044 2560 C.
1058 2550 1090 2553 —-
1107 2536 1115 2549 ⁴
1129 2534 1191 2560 sive
1206 2534 1237 2560 C.
1249 2550 1282 2553 —
1301 2535 1311 2548 ⁵
1325 2542 1430 2560 annum
1448 2535 1525 2568 post]
1540 2537 1607 2568 post
1621 2542 1726 2559 annum
1741 2534 1771 2560 P.

298 2594 331 2597 —
352 2578 362 2592 '³
375 2578 491 2612 quando
512 2578 599 2603 intrat
618 2578 686 2603 add.
708 2577 740 2604 C.
754 2594 786 2596 —
809 2578 817 2592 ⁷
831 2578 911 2604 Deus
931 2578 996 2611 sibi]
1017 2577 1071 2604 sibi
1092 2578 1233 2604 Dominus
1249 2577 1281 2604 C.
1301 2593 1334 2596 —
1355 2578 1364 2592 Β
1377 2577 1433 2603 sibi
1448 2577 1480 2603 C.
1500 2593 1533 2596 —
1554 2578 1564 2591 ¹'
1577 2577 1702 2603 exeundi
1719 2577 1771 2603 sed

297 2622 366 2647 add.
387 2621 419 2648 C.
440 2637 473 2640 —
495 2622 515 2636 ¹⁰
528 2630 582 2647 om.
604 2621 636 2647 C.
657 2637 690 2640 —
713 2622 732 2636 ¹¹
747 2621 810 2656 quis
832 2621 863 2647 C.
884 2637 916 2640 —
940 2622 959 2636 ¹²
973 2622 999 2647 ei
1020 2621 1078 2656 qui]
1100 2630 1153 2647 om.
1169 2621 1201 2648 C.
1221 2637 1255 2640 —
1277 2622 1297 2636 ¹³
1310 2621 1360 2647 tali
1375 2636 1407 2639 —
1422 2621 1599 2654 vovendum]
1616 2625 1713 2647 tamen
1727 2624 1772 2646 est

298 2669 392 2696 bonus
413 2670 450 2696 ad
468 2670 625 2697 vivendum
646 2670 697 2697 tali
717 2670 749 2696 C.
769 2685 802 2688 —
825 2671 844 2685 ¹⁴
859 2669 937 2704 quod
956 2666 1023 2695 roro
1041 2669 1073 2696 C.
1094 2685 1126 2688 —
1149 2670 1169 2684 ¹⁵
1182 2673 1291 2695 metum
1310 2669 1363 2695 SP.
1379 2684 1411 2687 —
1429 2669 1448 2683 ¹⁶
1461 2672 1490 2694 et
1510 2669 1540 2694 P.

1628 2712 1683 2738 44*

1829 2122 1892 2147 cod.
1908 2122 1927 2147 S

1802 2157 1851 2183 sol.
1867 2159 1900 2183 5⁵2
1915 2158 1954 2182 V·¹

1827 2193 1890 2218 cod.
1907 2194 1929 2219 C

1794 2228 1843 2255 fol.
1861 2231 1909 2254 1041
1925 2230 1964 2254 Va
