2493 3458
785 441 959 469 TERTIUM
988 442 1284 476 QUODLIBETL'M,
1314 444 1348 478 Q.
1379 444 1390 469 Ι
1777 446 1821 469 157

353 530 458 563 habet
486 541 564 563 esse
600 531 802 563 existentiae
839 542 857 562 a
892 532 978 570 Deo,
1013 542 1049 563 se
1083 533 1188 563 habet
1220 538 1382 574 respectu
1415 539 1591 564 creaturae
1624 533 1656 564 in
1690 533 1822 564 ratione

353 599 480 620 causae
498 588 688 627 efficientis,
709 608 741 611 —
766 600 849 631 ergo
867 589 955 620 sicut
972 589 1105 620 ratione
1132 600 1209 621 esse
1228 590 1431 621 existentiae
1449 591 1553 622 habet
1571 598 1725 622 creatura
1744 602 1821 622 cum

352 646 428 688 ipsa
453 646 575 678 existat
603 647 729 678 realem
768 646 968 678 relationem
1005 647 1047 678 ad
1081 647 1192 678 Deum
1224 653 1260 678 ut
1291 648 1333 678 ad
1364 658 1503 679 causam
1532 648 1747 684 efficientem,
1778 649 1822 679 ita

352 703 484 735 ratione
503 714 580 735 esse
598 703 768 735 essentiae
788 704 888 735 etiam
913 714 990 735 cum
1009 704 1084 745 ipsa
1109 715 1178 735 non
1206 705 1327 736 existat
1352 706 1457 736 habet
1475 706 1599 737 realem
1622 706 1821 737 relationem

353 762 396 792 ad
421 761 533 802 ipsum
559 767 596 792 ut
620 762 663 792 ad
689 772 828 793 causam
854 762 1033 793 formalem
1058 763 1297 803 exemplarem.
1324 762 1441 802 Quare
1467 769 1499 794 et
1525 769 1648 795 cetera.

441 819 632 857 Praeterea,
652 818 740 850 sicut
769 830 805 850 se
835 820 939 850 habet
967 820 1076 850 forma
1102 820 1145 850 ad
1174 820 1349 851 materiam
1381 820 1414 851 in
1443 820 1495 851 his
1521 832 1609 862 quae
1634 827 1713 852 sunt
1732 832 1822 853 com-

352 876 466 918 posita
498 887 538 908 ex
566 876 707 907 materia
737 882 769 908 et
796 877 906 907 forma
937 887 1026 917 quae
1055 877 1185 908 habent
1213 888 1290 909 esse
1320 888 1381 919 per
1408 878 1681 920 generationem,
1712 879 1756 910 ita
1785 890 1822 910 se

352 934 456 965 habet
484 944 561 965 esse
599 934 642 964 ad
671 933 856 965 essentiam
895 934 928 965 in
967 934 1127 965 omnibus
1166 935 1331 966 creaturis
1361 942 1678 977 quantumcumque
1707 937 1822 968 imma-

351 990 527 1022 terialibus
552 997 585 1023 et
609 991 823 1032 simplicibus
849 1002 937 1032 quae
962 992 1091 1023 habent
1120 1002 1197 1023 esse
1222 1004 1283 1034 per
1308 993 1538 1031 creatione1n3
1566 1004 1651 1035 quas
1677 1005 1822 1026 necesse

352 1054 403 1080 est
421 1059 499 1080 esse
517 1049 728 1090 compositas
757 1059 798 1080 ex
827 1060 904 1080 esse
934 1054 967 1081 et
992 1049 1152 1088 essentia,
1183 1050 1334 1091 alioquin
1361 1051 1533 1091 quaelibet
1558 1057 1713 1083 creatura
1732 1058 1823 1084 esset

352 1117 430 1138 esse
460 1107 635 1147 quoddam
665 1106 832 1138 infinitum
864 1106 1076 1145 illimitatum,
1105 1107 1170 1138 nisi
1200 1118 1277 1139 esse
1307 1114 1484 1140 creaturae
1512 1115 1604 1140 esset
1639 1109 1672 1140 in
1708 1110 1822 1151 aliquo

351 1163 483 1196 scilicet
510 1164 544 1195 in
574 1164 638 1196 alia
668 1164 818 1196 essentia
849 1165 1074 1196 determinata
1104 1172 1282 1206 receptum
1312 1172 1344 1197 et
1373 1166 1622 1208 participatum.
1643 1167 1713 1199 Sed
1731 1178 1822 1199 com-

351 1221 502 1263 positum
531 1233 571 1253 ex
596 1222 736 1253 materia
762 1228 794 1253 et
819 1222 938 1258 forma,
965 1228 1149 1263 antequam
1180 1234 1240 1264 per
1268 1223 1439 1255 actionem
1464 1225 1663 1267 generantis
1689 1225 1731 1256 sit
1760 1236 1822 1256 ens

352 1280 544 1310 secundum
575 1279 730 1318 formam,
763 1285 814 1311 est
849 1291 910 1311 ens
940 1280 1031 1311 reale
1061 1281 1253 1311 secundum
1286 1281 1461 1313 materiam
1491 1282 1524 1313 in
1554 1293 1655 1323 quam
1685 1282 1822 1314 actione

351 1337 549 1379 generantis
568 1337 678 1368 forma
698 1337 935 1369 introducitur.
956 1338 1049 1379 Ergo
1068 1338 1169 1369 etiam
1188 1339 1418 1380 compositum
1437 1351 1477 1371 ex
1495 1350 1572 1371 esse
1591 1346 1623 1371 et
1641 1340 1821 1379 essentia&

352 1400 536 1435 antequam
566 1406 627 1436 per
655 1394 827 1426 actionem
857 1395 1004 1427 creantis
1034 1395 1075 1426 sit
1107 1406 1168 1427 ens
1198 1397 1391 1428 secundum
1420 1408 1497 1429 esse
1531 1397 1742 1436 existentiae,
1772 1404 1823 1430 est

352 1463 414 1484 ens
443 1452 534 1484 reale
558 1453 751 1484 secundum
781 1464 858 1485 esse
885 1453 1067 1491 essentiae,
1094 1453 1127 1484 in
1153 1465 1220 1494 qua
1238 1454 1374 1486 actione
1400 1455 1548 1487 creantis
1573 1467 1650 1487 esse
1677 1455 1823 1487 existen-

351 1509 417 1541 tiae
442 1509 680 1542 introducitur.
707 1511 823 1551 Quare
848 1516 881 1542 et
906 1518 1029 1543 cetera.

441 1568 632 1607 Praeterea,
672 1568 753 1599 illud
789 1569 883 1610 quod
913 1574 964 1600 est
998 1580 1052 1600 res
1090 1580 1170 1601 vera
1206 1575 1239 1601 et
1276 1570 1449 1611 quidditas
1489 1571 1588 1603 realis
1629 1573 1822 1603 secundum

353 1625 493 1667 aliquod
510 1625 828 1667 praedicamentum
848 1632 901 1658 est
918 1637 980 1658 ens
1007 1627 1108 1659 reale.
1128 1627 1198 1659 Sed
1216 1638 1293 1659 cum
1319 1639 1373 1660 res
1392 1634 1443 1660 est
1460 1640 1530 1660 non
1550 1640 1611 1661 ens
1630 1630 1822 1661 secundum

352 1693 429 1714 esse
472 1683 684 1722 existentiae,
718 1683 792 1725 ipsa
828 1684 1051 1716 nihilominus
1088 1690 1139 1716 est
1175 1696 1229 1717 res
1265 1696 1356 1725 vera,
1394 1692 1427 1718 et
1462 1687 1634 1728 quidditas
1667 1687 1767 1719 realis
1800 1689 1803 1728 Ι

351 1741 544 1772 secundum
577 1741 718 1783 aliquod
748 1741 1078 1783 praedicamentum.
1108 1743 1196 1774 Nam
1235 1754 1315 1775 rosa
1346 1755 1417 1775 non
1447 1744 1624 1784 existente,
1663 1745 1697 1776 id
1730 1746 1823 1786 quod

351 1798 492 1831 nomine
519 1809 620 1831 rosae
649 1798 848 1842 intelligitur
877 1805 929 1832 est
962 1811 1016 1832 res
1046 1812 1136 1839 vera,
1167 1811 1238 1832 non
1269 1812 1324 1833 res
1358 1802 1499 1833 rationis
1528 1803 1581 1834 vel
1610 1803 1824 1847 figmentum,

351 1857 414 1888 sed
432 1856 605 1899 quidditas
622 1857 721 1889 realis
740 1858 782 1890 de
800 1857 1084 1900 praedicamento
1102 1858 1326 1898 substantiae,
1353 1860 1431 1901 quia
1458 1871 1535 1891 rosa
1560 1872 1630 1892 non
1657 1862 1825 1894 existente

351 1925 430 1946 rosa
456 1914 678 1946 nihilominus
704 1921 755 1947 est
780 1926 860 1947 vere
883 1916 948 1947 flos
974 1921 1007 1947 et
1031 1916 1234 1948 substantia.
1265 1916 1382 1957 Quare
1408 1924 1441 1949 et
1465 1924 1589 1950 cetera.

440 1972 580 2004 Contra.
612 1972 682 2004 Aut
711 1984 788 2005 esse
818 1973 1019 2005 existentiae
1058 1974 1191 2006 realiter
1220 1980 1272 2006 est
1309 1975 1400 2007 idem
1429 1986 1506 2007 cum
1535 1987 1613 2008 esse
1641 1977 1825 2016 essentiae,

351 2029 453 2062 etiam
481 2035 563 2062 tunc
592 2041 670 2062 cum
698 2042 753 2063 res
782 2036 834 2063 est
864 2042 935 2063 non
966 2042 1027 2063 ens
1057 2032 1250 2063 secundum
1280 2044 1385 2064 unum
1415 2033 1547 2065 illorum
1573 2045 1661 2073 esse,
1691 2041 1826 2077 oportet

352 2088 447 2128 quod
478 2087 521 2119 sit
553 2099 625 2120 non
655 2099 717 2120 ens
753 2089 854 2120 etiam
893 2090 1086 2121 secundum
1117 2089 1218 2129 aliud,
1249 2110 1289 2113 —
1319 2096 1377 2122 aut
1411 2097 1463 2123 est
1492 2092 1594 2131 aliud,
1630 2093 1675 2124 ita
1712 2099 1826 2125 tamen

351 2146 446 2186 quod
479 2151 530 2177 est
567 2146 746 2178 actualitas
781 2146 890 2188 ipsius
926 2147 1108 2186 essentiae,
1139 2147 1227 2179 sicut
1256 2149 1364 2180 forma
1398 2160 1460 2181 ens
1499 2150 1591 2181 aliud
1628 2161 1646 2181 a
1685 2151 1826 2182 materia

352 2208 404 2235 est
439 2203 645 2236 actualitas2
680 2204 853 2244 materiae,
890 2210 923 2236 et
958 2216 1029 2237 non
1065 2205 1178 2236 minus
1218 2207 1421 2247 separabilis
1458 2208 1500 2238 ab
1538 2208 1688 2239 essentia
1725 2220 1826 2250 quam

351 2260 462 2292 forma
496 2272 516 2292 a
549 2261 698 2293 materia.
735 2262 805 2294 Sed
839 2263 931 2294 nulla
961 2263 1069 2294 forma
1098 2263 1265 2295 existente
1295 2264 1329 2295 in
1362 2265 1503 2296 materia
1523 2265 1542 2304 ³,
1578 2265 1653 2307 ipsa
1687 2266 1827 2298 materia

352 2328 422 2350 non
459 2324 613 2351 remanet
648 2320 841 2351 secundum
879 2320 1018 2361 aliquod
1055 2320 1129 2352 eius
1164 2332 1241 2353 esse
1275 2322 1391 2359 reale3
1430 2322 1580 2364 alioquin
1616 2323 1827 2365 privationes

352 2376 545 2409 contrariae
578 2377 650 2409 sive
683 2377 932 2409 contrariorum
965 2378 1064 2409 simul
1097 2384 1214 2410 essent
1253 2379 1287 2410 in
1324 2380 1464 2411 materia
1501 2382 1593 2422 quod
1627 2387 1678 2413 est
1710 2381 1828 2413 incon-

352 2434 507 2473 veniens,
536 2435 625 2466 sicut
653 2435 754 2467 etiam
783 2436 911 2467 formas
937 2436 1126 2468 contrarias
1155 2447 1233 2468 esse
1261 2437 1370 2469 simul.
1396 2438 1488 2481 Ergo
1514 2439 1614 2470 etiam
1644 2439 1671 2470 si
1696 2440 1827 2470 nullum

353 2502 431 2524 esse
448 2492 651 2525 existentiae
675 2493 859 2525 conveniat
877 2494 1049 2526 essentiae
1069 2494 1144 2536 ipsa
1167 2505 1239 2526 non
1261 2495 1453 2527 remanebit
1473 2497 1666 2528 secundum
1689 2497 1828 2538 aliquod

353 2548 427 2581 eius
453 2560 530 2581 esse
554 2550 656 2581 reale.

444 2692 533 2717 ¹esse
554 2695 583 2717 et
603 2691 741 2725 essentia]
763 2692 889 2718 essentia
905 2696 933 2717 et
953 2700 1018 2718 esse
1039 2692 1069 2718 P.
1084 2708 1117 2711 -
1131 2693 1141 2707 ²
1154 2692 1246 2727 ipsius
1267 2694 1411 2720 essentiae
1432 2710 1464 2713 —
1486 2695 1648 2729 actualitas]
1670 2705 1724 2722 om.
1745 2697 1775 2722 P.
1796 2712 1828 2715 —

353 2735 363 2750 ³
377 2734 441 2769 ipsa
461 2735 583 2761 materia
602 2744 659 2761 om.
679 2735 709 2761 P.
1724 2742 1755 2766 21

1878 1685 1942 1711 cod.
1956 1685 1982 1711 V

1846 1720 1894 1747 fol.
1909 1723 1958 1748 271
1974 1721 2014 1747 Vh
