2493 3458
748 432 941 466 QUARTUM
971 433 1267 466 QUODLIBETUM,
1296 434 1331 468 Q.
1361 434 1385 459 X
1747 437 1796 461 263

330 520 483 552 notitiam
509 521 705 562 superioris.
733 521 885 553 Scientia
903 528 1015 553 auten]
1035 528 1175 564 propter
1199 523 1291 563 quid,
1310 535 1380 554 non
1402 524 1490 564 quia,
1513 530 1564 555 est
1589 536 1649 565 per
1669 524 1796 566 priora3

329 577 413 608 nihil
438 582 551 608 autem
577 577 670 618 prius
696 583 748 608 est
776 577 952 619 principiis
978 578 1011 609 in
1040 578 1192 610 scientia.
1220 579 1289 610 Sed
1314 580 1401 611 haec
1426 581 1570 611 habetur
1596 580 1628 611 in
1654 580 1797 612 scientia

330 633 508 674 superiore
534 634 800 665 subalternante.
828 634 869 665 Et
895 634 944 665 sic
970 634 1118 677 cognitis
1144 635 1320 677 principiis
1349 636 1514 667 scientiae
1542 638 1797 668 subalternatae

331 696 401 721 turn
431 689 631 731 cognitione
663 690 743 731 quia
773 696 833 728 est,
859 691 913 721 via
943 701 1067 722 sensus
1099 697 1131 722 et
1156 692 1341 723 memoriae
1369 698 1401 723 et
1431 692 1662 734 experientiae
1692 698 1725 725 et
1756 704 1798 725 ex

330 745 510 777 effectibus
550 747 602 777 vel
644 746 852 785 huiusmodi,
898 752 968 778 tum
1016 753 1156 788 propter
1201 748 1294 788 quid,
1339 759 1380 779 ex
1425 749 1489 780 alia
1536 749 1798 791 participatione

330 802 494 833 scientiae
520 800 707 843 superioris
733 804 922 844 (nunquam
949 803 1040 834 enim
1066 804 1126 835 erit
1151 805 1325 845 perfectus
1347 805 1378 835 in
1402 805 1619 846 perspectiva
1645 806 1702 847 qui
1727 817 1797 837 non

330 858 429 890 fuerit
469 858 655 890 instructus
695 859 728 890 in
762 859 952 902 geometria
988 871 1049 901 per
1085 860 1264 891 scientiam
1303 862 1539 902 superiorem),
1576 868 1689 894 tamen
1726 873 1798 894 non

330 916 475 946 habetur
514 915 682 946 certitudo
722 915 968 957 principiorum
1009 916 1179 948 inferioris
1219 917 1384 949 scientiae
1425 919 1679 950 subalternatae
1719 919 1799 960 quia

331 977 419 1009 sunt,
453 982 541 1012 quae
573 977 624 1003 est
657 971 794 1013 propria
827 972 903 1003 talis
937 972 1101 1004 scientiae
1135 979 1170 1004 ut
1198 979 1250 1004 est
1282 985 1300 1004 a
1333 975 1509 1015 superime
1539 975 1708 1013 distincta,
1737 976 1799 1006 sed

331 1033 471 1069 propter
507 1027 587 1068 quid
625 1033 656 1059 et
693 1034 818 1065 cetera,
855 1040 943 1069 quae
979 1040 1049 1060 non
1083 1035 1134 1061 est
1170 1030 1366 1061 necessaria
1395 1031 1438 1061 ad
1472 1031 1734 1063 conclusionem
1767 1037 1800 1063 et

331 1084 472 1115 modum
508 1084 641 1115 sciendi
676 1084 855 1115 scientiam
888 1085 1093 1124 inferiorem,
1127 1086 1206 1117 licet
1241 1088 1308 1117 hoc
1341 1087 1443 1118 faciat
1475 1088 1516 1118 ad
1551 1088 1799 1129 perfectionem

332 1132 493 1171 maiorem
519 1140 594 1171 talis
621 1140 786 1172 scientiae
819 1141 891 1173 sive
922 1142 965 1172 ad
995 1143 1062 1173 hoc
1088 1143 1180 1183 quod
1213 1154 1252 1174 ea
1284 1154 1372 1184 quae
1404 1149 1483 1175 sunt
1516 1143 1603 1174 illius
1634 1144 1799 1176 scientiae

331 1197 518 1238 perfectius
548 1196 708 1228 sciantur.
738 1197 825 1238 Ipsis
854 1198 992 1238 quidem
1022 1198 1071 1230 sic
1101 1199 1249 1241 cognitis
1279 1200 1478 1241 cognitione
1508 1201 1656 1232 evidenti
1686 1206 1801 1242 potest

331 1264 372 1284 ex
398 1253 446 1284 eis
472 1253 600 1294 acquiri
626 1253 770 1285 scientia
795 1254 838 1285 de
864 1255 1090 1286 conclusione
1119 1266 1160 1286 ex
1188 1256 1272 1296 ipsis
1302 1256 1412 1287 elicita
1442 1263 1474 1288 et
1503 1268 1572 1288 non
1603 1262 1691 1288 ante.
1721 1258 1800 1289 Non

331 1315 383 1342 est
408 1321 492 1352 ergo
518 1321 635 1341 verum
661 1311 755 1351 quod
781 1311 966 1342 assumitur
991 1311 1023 1342 in
1050 1312 1159 1353 primo
1185 1318 1399 1354 argumento.

420 1366 475 1397 Ad
513 1366 594 1397 illud
630 1367 724 1407 quod
761 1367 883 1398 dicitur
921 1367 953 1398 in
981 1369 1136 1399 secundo
1163 1374 1378 1410 argumento,
1412 1369 1512 1400 etiam
1539 1370 1800 1412 intelligendum

331 1423 425 1464 quod
450 1423 478 1454 si
510 1423 686 1465 theologia
724 1429 816 1455 esset
852 1424 995 1455 scientia
1022 1435 1101 1456 vere
1138 1430 1170 1456 et
1205 1425 1343 1466 proprie
1380 1426 1422 1456 ad
1459 1427 1598 1457 modum
1635 1426 1800 1458 scientiae

332 1480 587 1511 subalternatae
628 1486 787 1521 respectu
829 1480 994 1512 scientiae
1035 1492 1118 1522 pure
1159 1482 1436 1518 subalternantis,
1485 1489 1659 1524 oporteret
1707 1484 1800 1523 quod

331 1535 501 1578 principia
525 1536 723 1578 theologiae
749 1536 782 1567 in
807 1536 883 1578 ipsa
908 1537 1084 1580 theologia
1110 1537 1143 1568 in
1168 1539 1233 1569 hac
1258 1538 1326 1569 vita
1345 1544 1461 1570 essent
1479 1546 1571 1570 certa
1597 1539 1801 1571 certitudine

332 1593 536 1631 evidentiae,
563 1597 730 1633 quantum
756 1594 799 1624 ad
824 1593 978 1625 notitiam
1005 1594 1123 1625 saltem
1150 1594 1230 1635 quia
1255 1600 1316 1630 est,
1343 1601 1375 1626 et
1392 1595 1426 1626 in
1452 1595 1595 1627 scientia
1620 1597 1800 1627 beatorum

332 1655 473 1691 propter
497 1649 579 1690 quid
613 1655 777 1690 quantum
804 1651 847 1680 ad
884 1649 947 1688 illa,
985 1650 1012 1681 si
1045 1661 1113 1691 qua
1145 1656 1225 1682 sunt
1250 1662 1339 1692 quae
1376 1652 1504 1683 habent
1536 1658 1676 1694 propter
1708 1653 1800 1693 quid,

333 1711 391 1737 aut
423 1706 517 1747 quod
542 1705 761 1747 participaret
785 1711 917 1737 tantum
950 1707 993 1738 de
1018 1707 1162 1738 scientia
1186 1708 1364 1738 beatorum
1400 1709 1493 1749 quod
1519 1708 1609 1740 dicta
1634 1708 1801 1750 principia

333 1768 449 1794 essent
474 1762 504 1794 ei
529 1768 611 1793 nota
648 1768 679 1794 et
716 1762 796 1803 quia
832 1768 911 1794 sunt
947 1768 979 1794 et
1016 1753 1156 1804 propter
1192 1764 1284 1804 quid.
1312 1765 1412 1796 Unde
1438 1765 1601 1806 quamdiu
1633 1765 1801 1807 principia

333 1819 529 1861 theologiae
555 1824 634 1850 sunt
660 1820 753 1861 apud
779 1819 926 1860 aliquem
953 1820 1064 1851 solum
1094 1820 1233 1859 credita,
1259 1826 1295 1852 ut
1320 1822 1413 1861 quod
1442 1821 1509 1852 sint
1538 1827 1606 1853 tres
1632 1833 1802 1863 personae

332 1876 366 1907 in
407 1875 530 1908 divinis
571 1882 604 1907 et
643 1881 768 1914 cetera,
794 1876 923 1907 tamdiu
956 1876 1058 1908 etiam
1083 1882 1134 1908 est
1167 1877 1346 1909 conclusio
1379 1888 1419 1909 ex
1455 1878 1504 1909 eis
1544 1878 1654 1909 elicita
1690 1879 1801 1909 solum

333 1933 472 1971 credita,
506 1938 542 1963 ut
574 1933 668 1973 quod
708 1944 777 1964 una
816 1933 973 1974 procedit
1012 1944 1073 1975 per
1108 1934 1248 1965 modum
1286 1940 1438 1973 naturae,
1465 1935 1529 1965 alia
1570 1946 1630 1976 per
1661 1936 1802 1966 modum

332 1989 528 2021 voluntatis.
551 1989 593 2020 Et
613 1989 691 2021 ideo
711 1990 754 2020 ad
776 1991 843 2021 hoc
865 1990 959 2030 quod
985 1990 1161 2032 theologia
1186 1990 1229 2021 sit
1249 1990 1392 2022 scientia
1419 1996 1451 2022 et
1476 1992 1571 2032 quod
1596 2002 1665 2022 non
1692 1992 1802 2023 solum

332 2046 419 2077 fides
444 2047 613 2077 habeatur
637 2046 680 2077 de
706 2046 991 2078 conclusionibus
1028 2046 1226 2089 theologiae
1263 2047 1351 2078 sicut
1387 2048 1531 2079 habetur
1567 2059 1585 2078 a
1621 2048 1802 2089 principio,

333 2102 434 2134 etiam
463 2103 505 2133 de
545 2102 721 2143 principiis
747 2102 820 2134 eius
861 2108 998 2144 oportet
1034 2104 1128 2144 quod
1169 2114 1230 2134 sua
1265 2103 1434 2145 principia
1474 2104 1541 2135 sint
1580 2116 1649 2135 non
1691 2105 1802 2135 solum

333 2159 472 2197 credita,
498 2159 560 2190 secl
592 2158 693 2190 etiam
719 2158 922 2191 evidentia¹
958 2165 991 2191 et
1027 2165 1119 2198 nota,
1145 2166 1178 2191 et
1214 2161 1405 2192 secundum
1443 2161 1583 2191 modum
1608 2160 1803 2192 evidentiae

334 2215 581 2257 principiorum
607 2221 658 2246 est
694 2215 868 2246 evidentia
902 2216 935 2246 in
969 2216 1263 2248 conclusionibus.
1304 2216 1472 2256 Quamvis
1510 2217 1600 2248 enirn
1636 2228 1678 2248 ex
1714 2217 1803 2258 prin-

333 2271 431 2313 cipiis
457 2272 568 2302 solum
594 2271 732 2303 creditis
750 2272 860 2313 possit
881 2273 1054 2303 conclusio
1068 2272 1078 2288 ‘³
1103 2272 1179 2303 elici
1199 2273 1291 2304 circa
1309 2284 1410 2314 quam
1429 2273 1535 2304 scitur
1552 2274 1803 2314 consequentia

333 2328 405 2359 sive
430 2328 621 2359 necessitas
661 2329 943 2369 consequentiae,
983 2340 1054 2360 non
1094 2334 1209 2360 tamen
1249 2340 1470 2370 consequens
1507 2329 1579 2361 sive
1612 2330 1803 2362 necessitas

334 2384 581 2426 consequentis
621 2390 736 2426 potest
772 2385 850 2416 sciri
887 2385 1088 2416 ex.talibus
1129 2385 1315 2427 principiis.
1354 2386 1455 2417 Unde
1492 2386 1655 2427 quamdiu
1693 2387 1803 2417 solum

334 2440 483 2472 creditur
508 2441 602 2482 quod
628 2441 787 2472 Christus
813 2441 1006 2479 resurrexit,
1033 2441 1138 2473 scitur
1174 2443 1268 2482 quod
1294 2448 1327 2474 et
1351 2453 1415 2473 nos
1452 2450 1672 2485 resurgemus
1699 2453 1804 2483 quan-

334 2503 405 2529 tum
431 2498 474 2528 ad
500 2497 806 2538 consequentiam3
833 2497 922 2529 sicut
947 2498 974 2529 si
999 2498 1113 2529 anima
1150 2498 1304 2530 Socratis
1330 2504 1382 2529 est
1418 2498 1626 2537 immortalis,
1657 2504 1738 2530 tunc
1764 2510 1805 2530 ex

334 2554 459 2585 talibus
484 2554 662 2595 principiis
688 2559 720 2585 et
746 2554 919 2595 quaelibet
940 2555 1053 2585 anima
1080 2560 1130 2586 est
1155 2555 1363 2586 immortalis.
1391 2555 1461 2587 Sed
1487 2555 1575 2587 sicut
1593 2555 1804 2588 antecedens

336 2611 447 2641 solurn
473 2610 632 2649 creditur,
658 2610 703 2642 ita
728 2616 761 2642 et
786 2621 1017 2652 consequens.

426 2724 432 2739 ¹
454 2723 574 2750 evidens
596 2724 628 2750 V.
643 2739 675 2742 —
692 2724 701 2738 2
716 2724 848 2758 quaestio
862 2724 895 2751 Vv
