2493 3458
740 467 914 494 TERTIUM
943 466 1240 501 QUODLIBETUM,
1271 467 1306 501 Q.
1336 466 1347 492 I
1732 456 1775 491 *17‘1

314 557 345 589 ei
370 557 564 599 acquiritur,
593 558 684 588 unde
710 563 742 588 et
768 557 799 588 in
825 557 898 598 ipsa
924 562 956 588 et
982 557 1024 588 de
1050 556 1124 598 ipsa
1150 557 1254 587 habet
1279 555 1433 597 produci.
1454 556 1489 586 ln
1509 555 1684 587 creatione
1703 565 1784 587 vero

313 615 396 646 nihil
425 615 642 656 supponitur,
673 615 733 646 sed
763 620 834 646 tota
871 614 1021 645 essentia
1054 614 1101 645 rei
1134 614 1167 644 in
1205 613 1345 644 instanti
1382 613 1583 655 producitur
1607 619 1639 644 et
1676 613 1785 654 ipsam

313 673 458 714 produci
485 672 518 703 in
544 678 622 704 actu
648 678 699 703 est
724 672 832 713 ipsam
860 683 936 703 6556
963 677 994 703 61
1020 682 1097 703 esse
1124 671 1311 702 essentiam
1338 671 1370 701 in
1399 677 1487 702 actu.

401 787 464 818 His
483 787 564 818 visis
590 793 683 828 patet
708 788 885 828 quomodo
911 787 1053 829 intelligi
1080 787 1183 817 (161161
1209 787 1303 827 quod
1329 785 1429 817 etiam
1456 785 1549 827 prius
1576 786 1703 817 dictum
1726 791 1787 824 est,

313 845 443 877 scilicet
471 845 504 876 in
534 844 712 886 principio,
732 845 774 875 ad
804 845 1058 876 ostendendum
1089 845 1214 875 realem
1245 844 1476 875 diversitatem
1506 843 1613 885 ipsius
1643 854 1720 874 esse
1746 844 1788 874 ad

313 902 508 941 essentiam,
538 902 669 933 scilicet
698 902 791 943 quod
815 902 966 933 essentia
992 908 1105 943 potest
1131 901 1273 944 intelligi
1298 903 1362 932 sub
1381 901 1554 942 opposito.
1574 901 1679 941 Quod
1698 900 1789 932 enim

313 960 436 992 dicitur
461 960 553 1001 quod
580 970 649 991 non
676 966 727 990 est
753 959 1003 991 inconveniens
1022 959 1101 1000 quia
1120 970 1196 990 esse
1216 959 1278 990 etsi
1297 970 1368 990 non
1387 959 1498 990 differt
1516 959 1659 996 realiter,
1679 958 1790 989 differt

313 1023 427 1049 tamen
446 1017 647 1055 intentione,
666 1023 701 1048 ut
719 1017 848 1049 dictum
874 1022 935 1050 651,
954 1028 1024 1048 non
1042 1017 1141 1053 valet,
1168 1017 1246 1057 quia
1264 1028 1335 1048 non
1353 1022 1405 1048 651
1423 1027 1554 1058 ponere
1571 1017 1672 1047 talem
1695 1016 1789 1047 diffe—

313 1075 466 1107 rentiam.
492 1075 531 1106 Et
557 1075 683 1106 61131111
709 1075 736 1105 51
763 1080 854 1106 esset
871 1075 890 1111 “·’,
917 1081 999 1106 tunc
1025 1086 1095 1106 non
1122 1075 1233 1105 solum
1259 1074 1412 1117 intelligi,
1438 1075 1499 1106 sed
1526 1074 1626 1105 etiam
1653 1084 1731 1105 6556
1767 1074 1770 1113 1

313 1138 433 1174 posset
458 1133 521 1163 sul)
547 1132 719 1174 opposito
747 1133 825 1164 Hoc
850 1138 963 1163 31116111
990 1143 1059 1163 non
1086 1132 1304 1175 contingeret
1322 1132 1386 1163 nisi
1404 1132 1593 1163 variatione
1618 1132 1709 1162 facta
1730 1141 1791 1172 per

314 1202 350 1222 56
369 1190 459 1222 circa
476 1190 657 1222 terminum
676 1190 873 1221 huiusmodi
893 1196 1082 1231 respectus,
1102 1191 1196 1231 quod
1215 1201 1283 1221 non
1303 1189 1483 1232 contingit,
1502 1189 1581 1230 quia
1602 1190 1698 1220 Deus
1717 1189 1791 1230 ipse

313 1254 365 1280 est
393 1248 557 1279 terminus
586 1248 683 1279 istius
712 1253 902 1289 respectus,
940 1254 998 1278 aut
1034 1248 1124 1279 circa
1160 1248 1273 1289 ipsum
1309 1248 1573 1279 fundamentum
1610 1248 1704 1288 quod
1741 1253 1792 1279 est

313 1317 390 1338 6556
417 1306 588 1337 essentiae
614 1316 702 1346 quac
728 1317 866 1346 semper
891 1305 1015 1336 (licitur
1040 1316 1178 1337 manere
1205 1307 1269 1336 5111)
1291 1305 1362 1343 111ος
1382 1316 1452 1337 11011
1478 1305 1568 1337 6111111
1594 1305 1630 1336 fit
1649 1305 1791 1337 variatio

313 1374 374 1405 per
391 1374 428 1395 se
454 1363 544 1395 circa
569 1363 680 1405 ipsum
707 1370 912 1404 respectum.
933 1363 973 1394 Et
999 1363 1077 1394 ideo
1103 1363 1289 1395 (licendum
1315 1364 1409 1404 quod
1427 1375 1497 1394 non
1516 1370 1631 1405 potest
1648 1363 1793 1406 intelligi

313 1421 463 1453 essentia
489 1422 553 1452 5111)
578 1432 649 1452 non
676 1432 753 1452 esse
779 1421 981 1452 existentiae
1007 1421 1072 1452 nisi
1098 1421 1186 1452 sicut
1212 1427 1325 1462 potest
1351 1421 1493 1464 intelligi
1523 1423 1587 1453 sub
1613 1433 1683 1454 non
1714 1434 1792 1456 esse

313 1479 495 1516 essentiae,
522 1480 615 1520 quod
641 1479 803 1510 convenit
830 1478 1015 1519 unicuique
1035 1485 1212 1510 creaturae
1230 1479 1263 1510 in
1283 1485 1449 1520 quantum
1475 1490 1546 1511 non
1573 1486 1624 1512 est
1645 1480 1678 1512 id
1697 1482 1792 1522 quod

314 1543 365 1569 est
386 1537 450 1568 nisi
476 1537 598 1568 virtute
616 1543 648 1567 et
667 1537 841 1568 voluntate
860 1536 984 1567 divina.
1004 1537 1045 1567 Et
1064 1537 1142 1568 ideo
1159 1536 1241 1568 dicit
1259 1536 1292 1568 id
1311 1538 1405 1577 quod
1430 1543 1548 1569 natum
1565 1538 1575 1554 ³
1593 1544 1645 1570 est
1662 1550 1740 1571 esse
1758 1539 1791 1570 in

314 1606 351 1626 56
369 1595 445 1636 ipso
472 1600 550 1626 actu
576 1599 643 1625 tam
670 1601 834 1635 quantum
862 1595 904 1625 311
931 1605 1008 1625 esse
1034 1595 1207 1625 essentiae
1234 1606 1336 1635 quani
1361 1595 1573 1634 existentiae,
1600 1596 1680 1637 quia
1701 1596 1792 1628 idem

314 1657 403 1691 sunt,
423 1658 455 1683 et
480 1652 597 1693 quod⁴
622 1658 740 1683 natum
766 1658 817 1683 651
843 1652 1029 1693 aliquando
1056 1653 1164 1683 solum
1183 1652 1193 1668 ὅ
1213 1663 1290 1684 6556
1316 1653 1349 1683 111
1375 1653 1530 1694 potentia
1556 1660 1722 1694 quantum
1749 1655 1791 1685 ad

314 1718 496 1751 utrumque
525 1709 724 1741 huiusmodi
752 1720 839 1741 6556,
870 1710 971 1741 Unde
1000 1711 1068 1741 1106
1093 1721 1164 1741 non
1189 1710 1301 1753 arguit
1330 1712 1424 1751 quod
1450 1721 1528 1742 6556
1557 1711 1600 1743 511
1628 1711 1720 1743 aliud
1749 1713 1792 1743 ab

315 1767 476 1805 essentia,
489 1768 551 1799 sed
570 1767 671 1798 etiam
690 1768 783 1808 quod
799 1767 873 1809 ipsa
892 1767 1043 1799 essentia
1058 1773 1109 1799 est
1126 1768 1191 1799 alia
1210 1779 1228 1799 a
1247 1779 1284 1800 se
1303 1768 1388 1810 ipsa,
1403 1768 1491 1800 sicut
1506 1779 1568 1801 6115
1587 1769 1619 1800 in
1638 1770 1793 1811 potentia

315 1831 367 1857 est
395 1825 486 1856 aliud
512 1836 530 1856 a
560 1836 597 1857 se
627 1825 702 1867 ipso
728 1831 806 1857 ente
832 1825 865 1856 in
892 1831 971 1857 actu
997 1832 1029 1857 et
1055 1831 1178 1857 cetera.
1206 1826 1308 1857 Unde
1333 1832 1500 1867 quantum
1526 1827 1725 1870 intelligitur
1750 1829 1793 1859 de

315 1883 475 1921 essentia,
505 1888 636 1914 tantum
666 1883 866 1925 intelligitur
895 1884 937 1914 de
967 1890 1109 1921 6556,111
1136 1884 1264 1915 dictum
1298 1890 1358 1922 est,
1389 1890 1490 1926 prout
1519 1885 1686 1926 accipitur
1716 1897 1792 1917 esse

315 1942 507 1973 secundum
525 1941 693 1972 rationem
712 1941 920 1982 incomplexi
939 1947 971 1973 et
989 1941 1208 1982 praedicatur
1226 1953 1287 1983 per
1304 1953 1352 1980 56,
1371 1943 1469 1983 quasi
1487 1954 1610 1983 genus,
1626 1943 1704 1975 licet
1723 1955 1792 1975 non

314 2005 415 2040 prout
436 1998 603 2040 accipitur
628 2009 690 2040 pro
718 2005 800 2030 nota
826 1999 1041 2036 enuntiandi,
1068 2010 1146 2031 cum
1172 1999 1320 2031 dicitur:
1347 2001 1414 2031 hoc
1440 2006 1492 2032 est
1519 2002 1594 2039 1106,
1622 2002 1716 2042 quod
1742 2007 1794 2033 est

315 2067 393 2088 esse
421 2057 615 2088 secundum
644 2057 933 2098 compositionem
975 2063 1007 2088 et
1040 2057 1259 2098 praedicatur
1288 2057 1377 2089 sicut
1405 2058 1570 2090 accidens
1600 2060 1792 2090 secundum

315 2114 635 2146 Commentatorem
655 2117 711 2151 (1).

404 2172 492 2204 Cum
511 2183 594 2215 ergo
613 2172 737 2203 dicitur
755 2173 849 2213 quod
868 2183 946 2204 6556
965 2178 1016 2204 651
1034 2173 1126 2204 aliud
1146 2174 1187 2204 ab
1203 2173 1354 2205 essentia
1369 2174 1458 2205 sicut
1475 2175 1585 2206 forma
1603 2186 1622 2206 a
1641 2175 1791 2213 materia,

316 2230 395 2271 quia
412 2230 488 2272 ipsa
506 2230 657 2261 essentia
683 2230 725 2261 (le
751 2241 787 2261 se
814 2236 865 2261 est
891 2230 924 2261 in
950 2231 1105 2272 potentia
1131 2232 1173 2262 ad
1200 2241 1277 2263 esse
1304 2237 1336 2263 et
1362 2243 1431 2263 non
1451 2243 1528 2264 esse
1546 2233 1634 2264 sicut
1652 2233 1793 2264 materia

316 2288 360 2319 ad
392 2288 537 2319 formam
567 2293 599 2319 et
628 2287 702 2319 eius
736 2288 973 2329 privationem,
1008 2288 1269 2331 intelligendum
1303 2290 1408 2330 quod,
1442 2301 1519 2321 cum
1552 2290 1586 2321 in
1617 2291 1793 2322 creatione

314 2345 439 2387 lapidis
475 2345 512 2376 fit
551 2345 782 2387 compositum
823 2356 864 2377 ex
904 2346 1044 2377 materia
1085 2352 1118 2378 et
1157 2347 1277 2385 forma,
1321 2347 1379 2379 fiet
1419 2348 1560 2379 materia
1599 2349 1793 2380 secundum

316 2414 394 2435 esse
427 2403 618 2438 essentiae:
650 2403 725 2444 ipsa
758 2404 898 2435 materia
931 2404 1025 2445 prius
1059 2410 1129 2435 erat
1155 2405 1198 2435 ad
1228 2405 1425 2437 huiusmodi
1455 2417 1532 2437 6556
1557 2407 1730 2438 essentiae
1759 2406 1793 2438 in

316 2461 471 2503 potentia
501 2467 533 2493 et
563 2461 738 2503 possibilis
767 2461 849 2492 illud
879 2462 921 2493 ab
941 2468 1066 2504 agente
1096 2462 1250 2504 recipere
1276 2468 1308 2494 et
1333 2464 1462 2495 habere
1487 2464 1554 2495 tale
1579 2475 1666 2503 esse,
1691 2464 1792 2496 etiam

317 2519 500 2561 supposito
518 2520 612 2560 quod
638 2519 831 2551 secundum
850 2520 916 2551 tale
934 2530 1012 2551 6556
1038 2520 1139 2551 fuerit
1164 2521 1206 2551 ab
1233 2526 1383 2552 aeterno.
1410 2521 1507 2553 Sicut
1533 2521 1622 2553 enim
1641 2522 1669 2553 si
1687 2533 1793 2564 pone-

408 2667 415 2681 ¹
430 2675 484 2692 om.
505 2666 536 2693 P.
556 2681 589 2685 —
610 2666 717 2692 ²etiam
738 2667 806 2692 add.
825 2667 855 2693 P.
877 2682 909 2686 —
930 2668 1019 2693 ssnata
1040 2668 1070 2693 Ρ.
1094 2683 1127 2686 —-
1151 2664 1213 2694 ‘na
1230 2668 1297 2695 add.
1319 2669 1348 2694 P.
1369 2684 1402 2687 —
1427 2669 1501 2695 5οηι.
1522 2669 1553 2696 Ρ.

407 2756 445 2788 (1)
460 2756 513 2782 Av
523 2755 646 2782 errois
660 2756 879 2791 Metaplzysicae
894 2756 910 2782 l.
928 2757 976 2789 IV,
991 2765 1014 2782 c.
1029 2758 1045 2782 2
1059 2756 1087 2790 (f.
1102 2758 1133 2783 31
1149 2757 1210 2790 Va).

1848 1066 1911 1091 cod⁴
1928 1066 1950 1090 V

1814 1101 1862 1127 fol.
1877 1103 1928 1128 273
1944 1102 1983 1127 Va
