2493 3458
494 807 558 833 cod.
575 808 597 832 (¹

469 843 518 868 101.
533 844 567 868 99
581 843 621 868 V*

494 1148 558 1174 cod.
573 1148 594 1174 S

465 1183 515 1209 fol.
529 1185 564 1209 50
578 1183 619 1209 Vb

652 454 704 478 :538
1018 450 1207 477 MAGlS'sRl
1238 449 1457 476 GODEFRIDI
1487 449 1538 475 DE
1568 448 1764 475 FONTIBUS

652 545 788 577 respectu
819 540 881 566 eius
907 543 1044 575 respectu
1070 538 1152 565 cuius
1178 537 1283 564 dicitur
1309 546 1374 564 esse
1404 537 1511 564 malum
1540 535 1698 563 secundum
1728 545 1769 569 se,
1799 541 1827 562 et
1854 536 1881 562 in
1914 544 1984 562 casu
2009 535 2038 562 in
2067 544 2128 571 quo

652 594 696 616 est
721 590 838 622 malum,
863 589 1022 616 secundum
1052 596 1084 613 se
1113 595 1171 613 non
1197 590 1296 622 potest
1325 595 1390 612 esse
1419 586 1526 612 bonum
1554 585 1599 612 vel
1626 585 1753 617 licitum;
1785 585 1837 612 sed
1868 589 2004 620 respectu
2031 584 2126 611 diver-

651 647 748 665 sorum
770 642 876 674 potest,
902 638 944 664 sic
969 637 1082 663 scilicet
1101 635 1180 671 quod
1206 635 1299 661 illud¹
1320 634 1400 670 quod
1425 639 1470 660 est
1496 633 1602 660 malum
1627 633 1787 660 secundum
1812 642 1854 666 se,
1874 638 1904 660 ut
1930 634 1958 659 in
1983 633 2126 669 pluribus,

652 696 709 713 non
729 687 766 713 sit
785 687 893 713 malum
913 687 941 712 in
961 686 1016 712 isto
1037 693 1116 717 casu,
1141 684 1249 710 talibus
1274 682 1499 710 circumstantiis
1519 681 1658 709 adhibitis
1686 686 1715 708 et
1741 681 1848 708 talibus
1874 681 2126 709 concurrentibus.

653 736 688 762 Et
713 735 769 762 ista
794 745 852 762 non
879 739 1075 770 opponuntur,
1100 732 1212 759 seilicet
1239 731 1347 767 aliquid
1377 740 1443 758 esse
1471 730 1631 757 secundum
1661 739 1693 757 se
1719 730 1851 757 malum’
1879 735 1910 756 ut
1929 730 1958 756 in
1986 730 2128 766 pluribus,

653 789 681 811 et
702 793 767 811 esse
787 785 894 810 bonum
915 787 944 810 et
964 783 1074 810 licitum
1095 782 1122 808 in
1143 789 1212 808 casu
1232 780 1362 816 speciali.

742 834 797 859 Per
819 832 898 868 quod
920 832 1007 859 etiam
1035 835 1117 867 patet
1143 830 1179 856 ad
1203 834 1404 864 argumentum
1427 829 1453 855 in
1477 828 1661 855 contrarium.
1682 827 1759 862 Quia
1782 837 1817 854 ex
1838 828 1893 854 hoc
1913 827 1992 863 quod
2012 827 2082 854 illud
2108 830 2112 860 Ι

652 881 730 916 quod
759 885 804 907 est
835 880 995 907 secundum
1027 888 1060 905 se
1089 878 1195 905 malum
1225 882 1255 904 ut
1287 877 1314 903 in
1344 877 1484 912 pluribus,
1513 876 1630 912 ponitur
1661 884 1727 902 esse
1759 876 1867 902 bonum
1899 880 1928 902 et
1959 875 2069 902 licitum
2098 875 2126 902 in

652 930 845 956 determinato
865 937 945 961 casu,
966 937 1024 954 non
1045 927 1161 963 ponitur
1181 925 1260 961 quod
1289 934 1376 952 unum
1406 925 1608 960 oppositorum
1637 924 1794 951 conveniat
1823 924 1906 950 alteri
1932 924 1979 950 vel
2008 923 2126 950 habenti

651 979 772 1005 alterum
793 977 970 1013 oppositum,
991 976 1058 1012 quia
1083 976 1125 1002 sic
1151 975 1259 1002 malum
1284 979 1313 1001 et
1339 975 1447 1000 bonum
1473 982 1530 1000 non
1557 978 1622 1000 sunt
1647 973 1793 1009 opposita.
1823 973 1894 999 Tale
1921 981 1991 1007 ergo
2020 973 2126 999 malum

651 1027 769 1063 quando
789 1031 898 1054 statuto
924 1027 1050 1052 humano
1079 1024 1258 1060 prohibetur,
1284 1022 1464 1058 dupliciter⁸
1492 1026 1536 1048 est
1562 1022 1678 1054 malum,
1707 1021 1819 1048 scilicet
1848 1026 1877 1048 et
1905 1021 2065 1048 secundum
2095 1030 2127 1047 se

651 1080 695 1103 est
709 1076 815 1102 malum
830 1074 976 1110 loquendo
997 1079 1027 1100 ut
1041 1074 1069 1100 in
1090 1073 1230 1109 pluribus,
1249 1076 1279 1098 ut
1300 1071 1408 1098 dictum
1430 1076 1483 1102 est,
1503 1075 1531 1097 et
1551 1075 1596 1097 est
1616 1071 1702 1097 etiam
1723 1070 1829 1096 malum
1851 1069 1919 1105 quia
1939 1069 2127 1105 prohibitum.

652 1125 684 1151 In
716 1133 786 1151 casu
815 1133 886 1158 ergo
915 1123 1036 1159 speciali
1069 1122 1096 1148 in
1129 1130 1187 1157 quo
1220 1130 1255 1147 ex
1281 1124 1383 1146 natura
1416 1119 1456 1146 rei
1488 1128 1546 1146 non
1580 1124 1624 1146 est
1657 1119 1773 1150 malum,
1804 1128 1861 1145 non
1894 1123 1991 1154 potest
2019 1119 2128 1145 habere

652 1173 790 1199 malitiam
817 1175 820 1205 Ι
847 1172 901 1199 nisi
927 1172 994 1207 quia
1021 1170 1216 1206 prohibitum;
1249 1174 1277 1196 et
1309 1169 1375 1204 quia
1408 1168 1589 1203 dispensatio
1621 1167 1780 1203 superioris
1812 1167 1886 1193 tollit
1917 1166 2128 1201 obligationem

652 1222 751 1249 statuti
772 1221 898 1253 humani,
929 1221 988 1246 tale
1014 1219 1084 1255 quid
1112 1228 1163 1254 per
1183 1218 1433 1253 dispensationem
1455 1217 1482 1243 in
1515 1216 1564 1243 tali
1597 1225 1666 1242 casu
1699 1216 1730 1242 tit
1761 1217 1869 1242 bonum
1895 1221 1923 1242 et
1950 1215 2068 1242 licitum.
2095 1215 2127 1242 ln

651 1279 721 1297 casu
750 1275 846 1296 autem
873 1270 900 1296 in
927 1278 985 1304 quo
1013 1268 1106 1295 illud‘
1139 1267 1218 1303 quod
1247 1266 1406 1292 secundum
1437 1274 1468 1292 se
1489 1270 1533 1291 est
1562 1265 1677 1295 malurn,
1704 1273 1738 1291 ex
1764 1269 1866 1291 natura
1895 1264 1936 1290 rei
1965 1272 2023 1290 non
2049 1268 2128 1290 esset

651 1320 758 1345 bonum
788 1319 840 1345 sed
870 1318 986 1349 malum,
1014 1326 1071 1344 non
1101 1317 1189 1343 (lebet
1218 1315 1352 1350 superior
1380 1314 1561 1350 dispensare,
1590 1313 1657 1349 quia
1689 1314 1752 1340 eius
1780 1313 1987 1348 dispensatio⁵
2017 1313 2045 1339 in
2077 1313 2127 1339 tali

651 1377 721 1394 casu
748 1372 825 1394 esset
851 1367 1030 1402 dissipatio*¹
1057 1365 1218 1392 secundum
1243 1364 1322 1400 quod
1352 1363 1570 1394 Bernardusss)
1601 1363 1661 1389 vult
1687 1362 1714 1388 in
1741 1362 1866 1397 epistula
1893 1361 1930 1387 ad
1957 1361 2128 1397 Eugenium.

652 1417 686 1443 Et
702 1417 760 1443 tale
774 1417 881 1442 malum
896 1420 940 1442 est
960 1416 1068 1442 habere
1088 1415 1171 1449 plura
1191 1413 1335 1440 beneficia
1355 1412 1448 1444 simul,
1463 1412 1530 1446 quia
1550 1411 1624 1437 sicut
1639 1411 1675 1438 ad
1696 1411 1832 1438 decorem
1854 1411 1937 1436 huius
1954 1411 1962 1425 ⁷
1981 1409 2127 1437 ecclesiae

651 1462 777 1501 pertinet
797 1465 875 1500 quod
901 1463 1009 1490 diversi
1036 1463 1152 1490 diversa
1175 1462 1273 1489 officia
1299 1467 1327 1488 et
1355 1461 1463 1487 diversi
1489 1460 1604 1487 diversa
1630 1460 1774 1486 beneficia
1794 1460 1930 1491 habeant,
1949 1464 1980 1485 ut
2005 1459 2129 1485 habetur

653 1514 701 1548 [in]
741 1513 910 1548 Gregorius
925 1514 942 1545 ⁸,
975 1512 1157 1546 octogesima
1194 1520 1270 1537 nona
1300 1509 1496 1540 distinctione,
1526 1509 1654 1544 capitulo
1690 1508 1811 1543 Singula
1824 1510 1873 1540 (2),
1902 1513 1930 1534 et
1962 1508 2017 1534 hoc
2043 1512 2073 1534 ut
2099 1507 2127 1533 in

651 1563 791 1598 pluribus,
815 1579 845 1581 —
870 1562 910 1588 ita
936 1561 1076 1587 indecens
1102 1565 1128 1586 et
1160 1560 1265 1586 malurn
1302 1564 1331 1585 ut
1360 1559 1386 1584 in
1421 1558 1560 1594 pluribus.
1587 1562 1631 1584 est
1663 1557 1741 1592 quod
1774 1566 1848 1583 unus
1874 1557 1981 1583 habeat
2011 1556 2095 1591 plura
2109 1557 2127 1582 ⁹.

651 1612 710 1638 Sed
737 1611 764 1637 in
791 1620 860 1637 casu
887 1615 988 1646 posset
1013 1618 1078 1636 esse
1104 1610 1221 1640 bonum,
1250 1608 1362 1634 scilicet
1389 1607 1437 1633 ubi
1464 1611 1541 1633 esset
1567 1607 1687 1641 penuria
1711 1605 1881 1632 clericorum
1906 1605 2011 1640 quibus
2031 1604 2130 1631 danda

651 1664 749 1687 essent
780 1659 925 1686 beneficia
958 1659 1003 1685 vel
1035 1658 1083 1684 ubi
1125 1662 1204 1684 esset
1243 1665 1368 1692 persona
1410 1656 1480 1682 tanti
1515 1655 1622 1681 valoris
1663 1654 1741 1690 quod
1773 1654 1838 1689 plus
1870 1654 1948 1680 valet
1980 1653 2126 1680 communi

651 1709 766 1735 utilitati
793 1708 937 1734 ccclesiae
963 1716 1048 1742 quam
1075 1707 1173 1742 plures
1199 1705 1372 1737 mediocres,
1399 1705 1444 1730 vel
1471 1704 1589 1739 quando
1614 1712 1701 1729 unum
1730 1703 1904 1729 beneficium
1930 1711 1987 1728 non
2011 1701 2129 1729 sufficit.

651 1758 732 1784 Tunc
747 1757 822 1783 enim
838 1757 946 1783 habere
959 1756 1042 1791 plura
1059 1757 1079 1771 ¹⁰
1098 1750 1241 1781 beneficia
1256 1763 1314 1780 non
1330 1759 1374 1780 est
1394 1754 1510 1783 malum,
1522 1758 1554 1779 et
1569 1757 1636 1779 tunc
1660 1752 1706 1778 vel
1729 1752 1791 1778 sine
1811 1760 1888 1777 nova
1907 1750 2127 1786 dispensatione

650 1806 726 1833 sicut
753 1806 781 1832 in
807 1805 958 1832 beneficiis
981 1804 1112 1833 annexis,
1135 1803 1203 1830 licet
1226 1804 1334 1829 habere
1358 1802 1441 1837 plura
1461 1801 1535 1828 sicut
1555 1800 1754 1836 praebendam
1771 1802 1789 1815 ¹¹
1811 1806 1838 1826 et
1859 1799 2126 1826 archidiaconatum

650 1861 679 1882 et
699 1855 786 1881 etiarn
808 1863 872 1881 cum
893 1863 969 1880 nova
990 1852 1218 1888 dispensatione.

721 1903 820 1930 Tertio
849 1912 918 1929 vero
942 1902 1030 1928 modo
1057 1901 1162 1928 dicitur
1187 1900 1297 1935 aliquid
1327 1899 1433 1925 malum
1461 1908 1517 1925 non
1543 1898 1704 1925 secundum
1730 1907 1762 1924 se
1787 1898 1887 1929 (immo
1917 1900 2056 1932 quantum
2083 1901 2128 1923 est

650 1953 686 1979 (le
709 1961 751 1985 se,
775 1957 819 1978 est
842 1951 1012 1978 indifferens
1037 1950 1105 1977 licet
1126 1958 1178 1985 per
1197 1948 1336 1976 accidens
1363 1948 1426 1974 eius
1451 1947 1619 1983 oppositum
1647 1946 1736 1973 saciat
1762 1946 1799 1973 ad
1821 1947 1952 1978 bonum),
1975 1945 2027 1972 sed
2044 1945 2064 1961 ¹²
2083 1950 2127 1971 est

650 2002 756 2028 malum
784 2000 850 2036 quia
876 1999 1054 2035 prohibitum
1075 2002 1185 2025 statuto
1212 1998 1347 2028 humano,
1375 1997 1451 2023 sicut
1471 1996 1626 2022 comedere
1653 2004 1756 2022 carnes
1781 2000 1864 2021 sexta
1890 1994 1970 2020 feria.
2001 1994 2036 2020 Et
2056 1993 2128 2020 talia

650 2054 772 2085 possunt
791 2058 857 2076 esse
877 2049 954 2075 bona
978 2053 1007 2074 et
1029 2047 1109 2074 licita
1131 2056 1184 2082 per
1203 2046 1454 2082 dispensationem
1477 2044 1644 2080 superioris.
1665 2044 1738 2070 Nam
1753 2052 1818 2070 cum
1840 2043 1908 2070 talia
1928 2051 1986 2069 non
1999 2043 2127 2069 habeant

649 2098 789 2125 malitiam
825 2097 880 2124 nisi
906 2101 1025 2132 propter
1054 2095 1264 2130 obligationem
1297 2094 1397 2121 statuti
1414 2094 1443 2126 ¹³,
1468 2102 1520 2128 per
1546 2092 1795 2128 dispensationem
1827 2091 1986 2127 superioris
2018 2091 2129 2118 tollitur

650 2148 687 2173 ab
707 2147 750 2173 eis
770 2155 835 2173 esse
855 2146 971 2172 malum.

739 2195 774 2221 Et
794 2196 835 2221 sic
856 2199 938 2230 patet
958 2193 994 2220 ad
1015 2193 1216 2228 quaestionem
1240 2197 1268 2218 et
1289 2191 1325 2218 ad
1346 2195 1526 2226 argumenta.

741 2501 789 2527 ¹id
810 2501 842 2527 C.
863 2516 895 2519 —-
915 2501 926 2515 ²
939 2499 1099 2526 secundum
1114 2514 1147 2518 —-
1161 2498 1278 2531 malum]
1299 2497 1406 2523 malum
1426 2496 1586 2523 secundum
1607 2504 1639 2522 se
1659 2496 1691 2522 C.
1712 2511 1745 2515 —
1765 2496 1776 2511 ⁸
1789 2495 1897 2530 duplex
1918 2494 1950 2521 C.
1971 2509 2004 2513 —
2024 2495 2033 2509 ⁴
2047 2493 2077 2520 id
2092 2493 2126 2520 C.

648 2561 681 2565 —
702 2546 712 2560 ⁵
725 2545 787 2571 eius
807 2543 996 2579 dispensatio]
1013 2542 1194 2577 dispensatio
1215 2541 1278 2568 eius
1292 2541 1324 2567 C.
1338 2557 1371 2560 —
1385 2541 1396 2555 ⁶
1409 2540 1590 2575 dispensatio
1606 2539 1638 2566 C.
1653 2555 1685 2558 —
1702 2540 1710 2554 ⁷
1725 2547 1780 2565 om.
1795 2538 1828 2565 C.
1843 2554 1876 2557 —
1896 2539 1906 2553 ⁵
1920 2537 2028 2564 Glossa
2045 2537 2124 2564 SPC.

647 2605 680 2608 —
695 2590 705 2604 ⁹
718 2588 861 2615 beneficia
875 2587 944 2613 add.
959 2586 992 2613 C.
1012 2602 1045 2605 -
1068 2588 1088 2601 ¹⁰
1101 2586 1210 2612 habere
1230 2585 1322 2620 plura]
1343 2584 1427 2619 plura
1440 2584 1548 2610 habere
1569 2584 1602 2610 C.
1617 2598 1649 2602 —
1665 2584 1685 2598 ¹¹
1701 2583 1776 2609 sicut
1795 2581 2005 2617 praebendam]
2021 2589 2076 2607 om.
2091 2580 2127 2607 C.

648 2649 680 2651 —
703 2632 723 2647 ¹²
736 2637 765 2658 et
785 2631 816 2658 C.
838 2647 870 2650 —ss
893 2632 913 2646 ¹³
932 2629 1092 2665 superioris
1111 2634 1210 2655 amota
1230 2628 1412 2663 obligatione
1431 2627 1532 2653 statuti
1553 2627 1621 2653 add.
1642 2626 1675 2653 C.

736 2747 775 2777 (1)
798 2744 856 2771 cfr.
876 2753 904 2779 p.
924 2745 984 2775 269,
1004 2752 1030 2769 n.
1052 2745 1098 2775 (l).
1122 2758 1151 2761 —
1174 2744 1212 2774 (2)
1234 2741 1293 2768 Cfr.
1314 2750 1342 2776 p.
1361 2742 1421 2773 ⁸270,
1441 2749 1467 2766 n.
1489 2742 1537 2773 (3).
