2493 3458
700 433 749 458 188
1062 429 1250 457 MAGISTRl
1282 430 1499 457 GODEFRIDI
1531 431 1581 457 DE
1612 430 1807 457 FONTIBUS

699 532 760 563 per
791 520 882 553 idem
908 531 996 559 esse,
1028 520 1108 562 quia
1137 526 1217 552 sunt
1247 520 1278 551 in
1312 520 1505 552 substantia
1534 520 1703 552 existente
1740 531 1801 562 per
1837 531 1914 553 esse
1947 522 2091 554 actuale.
2129 521 2171 554 Et

699 579 778 610 ideo
811 578 933 610 dicitur
961 578 1055 619 quod
1081 577 1273 609 substantia
1307 584 1340 609 et
1372 578 1536 610 accidens
1568 583 1648 609 sunt
1681 588 1786 609 unum
1815 578 1866 610 vel
1900 578 1989 610 idem
2022 579 2056 611 in
2082 590 2170 612 esse.

698 636 772 669 Nec
797 642 938 678 propter
962 635 1117 667 diversas
1143 641 1282 667 naturas
1308 635 1573 667 substantiales-¹
1603 641 1739 677 oportet
1765 635 1797 666 in
1822 636 1945 668 eodem
1971 647 2049 668 esse
2074 637 2171 679 plura

699 704 786 726 esse.
820 694 1073 735 Quaecumque
1097 681 1229 724 formae
1257 692 1502 724 substantiales
1535 692 1768 736 intelligantur
1800 703 1878 725 esse
1914 693 2024 732 simul,
2050 705 2171 726 omnes

699 762 737 784 se
761 757 880 784 tenent
906 762 946 783 ex
972 757 1067 792 parte
1091 750 1230 793 generis·
1256 756 1390 792 praeter
1415 750 1565 782 ultimam
1591 760 1680 792 quae
1699 750 1902 782 determinat
1927 751 1971 782 ad
1996 751 2171 794 speciem;

699 810 792 842 unde
817 819 894 841 cum
923 819 1037 851 genus
1066 808 1195 840 nullum
1229 808 1354 839 habeat
1379 818 1457 840 esse
1482 807 1545 839 nisi
1572 818 1649 839 esse
1675 808 1879 850 specierum,
1905 815 2042 850 oportet
2079 809 2171 851 quod

700 867 893 899 secundum
934 866 1027 907 quod
1068 865 1186 897 ultima
1227 865 1419 897 differentia
1456 871 1508 897 est
1548 876 1626 903 una,
1659 866 1753 906 quod
1794 866 1895 897 etiam
1936 876 1991 898 res
2030 866 2064 898 in
2105 878 2172 908 qua

700 929 960 968 congregantur
998 923 1156 955 diversae
1196 923 1327 954 formae
1363 922 1609 955 substantiales
1649 923 1691 954 sit
1731 929 1862 955 tantum
1902 924 2042 955 unicum
2083 934 2171 956 esse.

699 983 774 1014 Nec
799 987 939 1024 propter
963 980 1195 1012 diversitatem
1222 987 1419 1012 naturarum
1446 986 1479 1012 et
1503 980 1730 1013 essentiarum
1750 981 2014 1013 accidentalium
2036 987 2173 1024 oportet

700 1050 831 1082 ponere
867 1039 901 1071 in
935 1039 1057 1071 eodem
1095 1038 1231 1070 diversa
1271 1048 1359 1075 esse,
1396 1038 1487 1079 quia,
1527 1044 1562 1070 ut
1594 1038 1718 1070 dicitur
1754 1038 1786 1070 in
1827 1038 1997 1080 principio
2037 1039 2173 1081 septimi

700 1097 959 1140 Metapliysicae
978 1099 1034 1136 (l),
1061 1095 1254 1128 accidentia
1290 1106 1360 1127 non
1394 1102 1474 1128 sunt
1506 1096 1597 1127 entia
1633 1095 1697 1127 nisi
1731 1096 1809 1137 quia
1843 1102 1923 1128 sunt
1955 1096 2053 1128 entis,
2081 1096 2173 1139 Ergo

700 1155 852 1187 similiter
880 1165 945 1186 nec
970 1159 1050 1185 sunt
1074 1153 1254 1185 existentia
1281 1153 1344 1184 nisi
1371 1153 1450 1194 quia
1475 1159 1555 1184 sunt
1580 1153 1725 1184 alicuius
1750 1153 1937 1185 existentis.

788 1213 867 1244 Hoc
903 1211 1004 1244 etiam
1038 1211 1127 1243 idem
1161 1211 1314 1252 arguitur
1346 1210 1476 1242 ratione
1509 1210 1587 1242 tali:
1625 1211 1669 1242 de
1705 1210 1838 1243 ratione
1874 1222 1952 1243 esse
1988 1217 2040 1243 est
2079 1211 2174 1253 quod

700 1270 743 1303 sit
779 1271 822 1302 ab
851 1269 965 1311 aliquo
1001 1268 1243 1311 participatum
1273 1275 1305 1300 et
1334 1274 1510 1310 receptum
1550 1268 1583 1299 in
1617 1268 1743 1309 aliquo,
1769 1275 1801 1300 et
1834 1269 1927 1310 quod
1961 1269 2073 1311 ipsum
2102 1279 2174 1301 non

701 1328 743 1360 sit
773 1328 912 1369 aliquod
947 1326 1157 1369 participans
1190 1326 1242 1357 vel
1282 1326 1420 1368 aliquod
1455 1325 1636 1368 recipiens.
1674 1326 1745 1358 Sed
1777 1326 1804 1357 si
1838 1326 1870 1358 in
1903 1326 2027 1358 eodem
2059 1333 2175 1359 essent

701 1387 797 1428 plura
826 1396 914 1424 esse,
955 1395 1032 1416 cum
1077 1390 1253 1426 oporteret
1288 1394 1328 1416 ea
1365 1384 1408 1415 ad
1449 1383 1595 1415 invicem
1632 1394 1710 1416 esse
1741 1383 1909 1422 ordinata,
1943 1395 2049 1416 unum
2082 1390 2175 1416 esset

700 1445 744 1476 ab
773 1443 839 1475 alio
867 1442 1107 1485 participatum
1142 1448 1175 1474 et
1204 1453 1309 1473 unum
1341 1441 1373 1473 in
1403 1441 1469 1473 alio
1496 1447 1682 1483 receptum.
1714 1441 1792 1473 Hoc
1824 1448 1939 1474 autem
1972 1448 2024 1473 est
2056 1441 2175 1474 incon·

701 1501 856 1534 veniens.
882 1501 976 1543 Ergo
1002 1506 1053 1532 est
1078 1505 1209 1532 tantum
1228 1499 1368 1531 unicum
1394 1510 1482 1531 esse.

789 1558 860 1591 Sed
886 1564 1001 1590 tamen
1028 1557 1124 1589 aliter
1153 1557 1287 1590 videtur
1315 1568 1393 1589 esse
1422 1557 1608 1589 dicendum
1635 1557 1729 1598 quod
1760 1557 1798 1596 si,
1828 1563 1865 1588 ut
1889 1557 2018 1589 dictum
2047 1563 2099 1589 est
2117 1559 2174 1598 (2),

700 1616 836 1649 realiter
866 1627 938 1648 non
978 1615 1091 1647 differt
1121 1626 1199 1647 esse
1231 1616 1275 1646 ab
1311 1614 1463 1647 essentia
1495 1614 1567 1646 sive
1605 1614 1724 1654 forma,
1760 1621 1844 1656 quot
1879 1621 1959 1647 sunt
1991 1614 2025 1646 in
2059 1614 2175 1657 aliquo

701 1674 873 1707 essentiae
909 1673 981 1706 sive
1018 1673 1159 1712 formae,
1196 1679 1246 1705 tot
1277 1679 1357 1704 sunt
1388 1672 1489 1704 etiam
1523 1683 1611 1704 esse.
1650 1672 1756 1704 Immo
1786 1672 1887 1704 etiam
1914 1672 2003 1704 idem
2040 1672 2176 1704 videtur

701 1743 778 1765 esse
805 1732 1002 1771 dicendum,
1032 1731 1060 1763 si
1089 1741 1166 1764 esse
1191 1731 1234 1762 ab
1264 1730 1416 1763 essentia
1441 1730 1576 1762 realiter
1604 1730 1738 1762 differat
1763 1735 1797 1762 et
1827 1730 1870 1762 sit
1895 1730 1969 1762 eius
1994 1730 2175 1762 actualitas

701 1790 791 1822 sicut
820 1790 930 1821 forma
958 1788 1130 1821 materiae.
1158 1788 1246 1820 Cum
1283 1788 1373 1820 enim
1403 1787 1484 1819 illud
1522 1787 1555 1819 in
1585 1798 1655 1829 quo
1684 1793 1766 1820 sunt
1793 1788 1910 1830 plures
1941 1788 2073 1820 formae
2102 1798 2174 1820 non

702 1848 812 1890 possit
840 1858 918 1880 esse
948 1858 1054 1879 unum
1081 1846 1281 1889 simpliciter
1305 1852 1338 1878 et
1366 1856 1428 1888 per
1456 1856 1503 1884 se,
1530 1864 1570 1868 —
1596 1845 1646 1878 sic
1681 1845 1772 1878 enim
1808 1851 1890 1877 sunt
1923 1856 2031 1877 unum
2061 1846 2174 1877 solum

701 1906 800 1948 plura
828 1916 974 1947 quorum
1003 1915 1110 1936 unum
1139 1910 1191 1936 est
1218 1903 1416 1946 simpliciter
1444 1903 1600 1946 potentia
1635 1910 1668 1935 et
1700 1903 1792 1935 aliud
1828 1903 2029 1945 simpliciter
2053 1909 2174 1941 actus;

701 1964 764 1996 sed
795 1963 888 2005 quod
921 1968 973 1995 est
1005 1961 1205 2004 simpliciter
1236 1961 1392 2004 potentia
1427 1967 1464 1993 ut
1496 1967 1548 1993 est
1580 1961 1645 1993 sub
1681 1960 1797 2002 aliquo
1834 1966 1913 1993 actu
1949 1971 2020 1993 non
2060 1966 2176 2003 potest

702 2021 849 2063 amplius
880 2020 1024 2063 intelligi
1063 2025 1100 2052 ut
1139 2018 1339 2061 simpliciter
1377 2024 1409 2051 et
1449 2029 1534 2061 pura
1573 2018 1738 2061 potentia,
1779 2024 1812 2050 et
1847 2018 1927 2050 ideo
1967 2018 2067 2050 etiam
2109 2028 2175 2050 nec

702 2078 830 2120 aliquid
854 2084 1015 2120 respectu
1041 2077 1115 2110 eius
1140 2083 1176 2109 ut
1192 2068 1392 2119 simpliciter
1411 2082 1509 2109 actus
1536 2076 1607 2108 sive
1626 2082 1662 2108 ut
1686 2077 1773 2108 dans
1799 2086 1876 2108 esse
1899 2075 2108 2118 simpliciter,
2135 2094 2175 2099 —

702 2137 896 2169 secundum
925 2141 1039 2168 autem
1065 2135 1160 2177 quod
1188 2135 1462 2176 unumquodque
1487 2140 1540 2166 est
1564 2145 1626 2166 ens
1651 2139 1703 2166 est
1732 2134 1833 2166 etiam
1858 2144 1966 2166 unum
1990 2134 2057 2166 tale
2082 2133 2175 2176 quid,

703 2205 787 2238 ergo
812 2194 846 2226 in
872 2199 1038 2235 quantum
1063 2193 1143 2225 talia
1167 2192 1408 2235 complectitur
1431 2202 1497 2224 nec
1523 2197 1575 2224 est
1611 2202 1674 2224 ens
1709 2191 1910 2234 simpliciter
1944 2191 2017 2223 sive
2042 2201 2104 2234 per
2138 2201 2176 2224 se

703 2253 766 2285 sed
791 2262 852 2294 per
875 2251 1050 2290 accidens,
1078 2261 1144 2283 nec
1173 2250 1275 2282 etiam
1304 2256 1355 2282 est
1383 2261 1490 2282 unum
1517 2249 1726 2292 simpliciter.
1759 2250 1838 2281 Hoc
1871 2255 1985 2282 autem
2015 2255 2067 2281 est
2095 2248 2176 2291 quia

702 2310 770 2342 tale
787 2309 869 2351 quid
897 2310 1031 2341 habens
1059 2309 1176 2351 plures
1201 2308 1329 2340 formas
1355 2314 1388 2340 et
1412 2313 1520 2347 actm,
1546 2308 1652 2340 habet
1677 2307 1779 2340 etiam
1804 2307 1902 2349 plura
1919 2317 2007 2340 esse.
2033 2307 2176 2339 Verum-

702 2373 819 2400 tamen
836 2367 916 2409 quia
941 2367 974 2399 in
1000 2377 1043 2399 eo
1067 2366 1102 2398 in
1122 2376 1192 2408 quo
1217 2372 1299 2398 sunt
1321 2365 1372 2398 sic
1396 2365 1495 2408 plura
1520 2365 1615 2407 quod
1639 2365 1682 2397 sit
1706 2365 1808 2397 etiam
1833 2375 1940 2397 unum
1966 2363 2175 2407 simpliciter,

704 2430 841 2467 oportet
875 2425 970 2467 quod
1001 2424 1045 2456 sit
1082 2421 1223 2466 aliquod
1255 2434 1362 2455 unum
1398 2433 1468 2465 quo
1493 2428 1546 2455 est
1582 2422 1783 2465 simpliciter
1815 2433 1878 2455 ens
1903 2428 1937 2454 et
1960 2422 1995 2454 in
2020 2427 2110 2461 actu,
2143 2427 2177 2454 et

702 2484 772 2516 hoc
797 2488 849 2515 est
874 2483 983 2515 forma
1007 2481 1242 2514 substantialis
1266 2492 1357 2523 quae
1390 2486 1442 2513 est
1470 2487 1569 2513 actus
1603 2480 1804 2523 simpliciter
1837 2486 1870 2512 et
1901 2490 1991 2522 quae
2016 2480 2074 2512 dat
2098 2489 2177 2512 esse

795 2634 801 2649 ¹
816 2633 1049 2660 substantialium
1069 2632 1103 2659 V.

792 2733 831 2764 (1)
852 2730 912 2757 Cfr.
932 2739 959 2766 p.
979 2732 1022 2763 43,
1041 2739 1068 2756 n.
1089 2732 1137 2763 (2).
1157 2745 1190 2749 —
1210 2731 1248 2763 (2)
1271 2728 1329 2756 Cfr.
1351 2728 1456 2762 Quodl.
1477 2728 1518 2754 111
1539 2737 1565 2763 q.
1587 2729 1599 2754 1
1622 2730 1660 2763 (p.
1681 2728 1733 2754 164
1752 2729 1836 2762 sqq).
