2493 3458
663 427 714 450 1:112
1028 422 1217 449 MAOESTRI
1248 422 1467 449 GODEFRIDI
1498 422 1548 448 DE
1579 421 1774 449 FONTIBUS

754 513 877 544 Dicere
915 523 998 555 ergo
1035 512 1128 554 quod
1167 511 1335 554 principia
1371 511 1569 553 theologiae
1609 512 1661 543 vel
1695 511 1945 554 cuiuscumque
1971 512 2136 544 scientiae

664 571 696 602 in
733 571 807 612 ipsa
839 570 1016 611 theologia
1049 570 1120 601 sive
1157 570 1250 611 apud
1287 570 1378 601 illum
1412 569 1468 611 qui
1504 569 1627 601 dicitur
1663 580 1741 601 esse
1773 569 1888 601 sciens
1926 569 2136 612 theologiam

664 633 743 659 sunt
769 628 880 659 solum
911 627 1041 659 credita
1070 634 1103 659 et
1128 638 1199 658 non
1226 627 1311 659 scita
1336 627 1387 658 vel
1415 627 1586 658 intellecta
1615 633 1647 658 et
1677 627 1727 658 sic
1756 627 1866 658 solum
1897 626 2136 659 certitudinem

664 685 887 717 adhaesionis
918 685 1092 723 habentia,
1126 691 1158 716 ct
1191 691 1304 716 tamen
1339 684 1491 716 efficiunt
1523 684 1762 716 certitudinem
1793 683 1958 716 scientiae
1991 684 2024 716 in
2057 695 2138 716 con-

664 743 879 774 clusionibus
912 754 953 774 ex
980 742 1063 784 ipsis
1088 742 1220 782 elicitis,
1246 748 1297 774 est
1330 742 1445 774 dicere
1482 742 1576 783 quod
1602 741 1848 774 conclusiones
1884 742 1952 774 sint
1984 742 2137 774 notiores

664 800 852 842 principiis,
889 800 1019 831 scilicet
1057 800 1231 841 duplicem
1269 799 1509 832 certitudinem
1546 800 1732 838 hahentes,
1758 810 1836 831 cum
1874 799 2043 842 principia
2067 811 2137 832 non

664 859 815 890 habeant
840 857 904 889 nisi
931 869 1045 889 unam.
1072 857 1114 889 Et
1139 859 1206 889 hoc
1231 863 1283 889 est
1308 857 1424 889 dicere
1449 857 1716 889 contradictoria
1742 863 1775 888 et
1800 857 1942 889 multum
1968 857 2138 899 derogare

663 926 783 947 sacrae
819 915 1017 956 theologiae
1043 921 1075 947 et
1100 915 1302 947 doctoribus
1329 915 1446 956 ipsius.
1474 915 1561 946 tales
1593 914 1752 946 fictiones
1784 915 1827 946 de
1860 914 1934 957 ipsa
1962 915 2139 957 theologia

665 973 926 1005 attractantihus
953 973 1062 1015 ipsam
1088 973 1282 1015 propalare.

753 1031 871 1062 Simile
911 1038 1024 1062 autem
1066 1031 1160 1072 quod
1202 1030 1430 1062 introducitur
1470 1030 1502 1061 in
1544 1036 1750 1071 argumento
1799 1041 1868 1061 non
1918 1031 2018 1069 valet,
2058 1030 2138 1072 quia

664 1089 778 1120 nullus
804 1100 910 1120 sanae
936 1088 1060 1120 mentis
1085 1087 1242 1128 intelligit
1267 1089 1360 1129 quod
1387 1087 1532 1120 scientia
1556 1088 1790 1119 subalternam
1823 1088 1866 1119 sit
1891 1098 1970 1120 vere
1995 1087 2140 1120 scientia

664 1153 697 1178 et
722 1147 832 1178 solum
859 1147 902 1178 de
927 1146 999 1177 suis
1036 1145 1214 1188 principiis
1239 1146 1365 1177 habeat
1400 1145 1599 1187 opinionem
1634 1145 1835 1187 recipiendo
1871 1156 1912 1177 ea
1944 1156 1963 1177 a
1995 1145 2140 1177 scientia

664 1204 842 1246 superiore
867 1210 900 1236 et
923 1204 972 1235 eis
990 1204 1092 1235 tidem
1119 1203 1295 1245 opinatam
1321 1203 1532 1241 adhibendo,
1558 1213 1600 1234 eo
1626 1203 1721 1244 quod
1746 1214 1765 1234 a
1790 1203 1948 1245 sapiente
1973 1203 2140 1236 scientiae

664 1261 852 1304 superioris
892 1267 972 1293 sunt
1012 1267 1092 1293 nota
1132 1268 1165 1293 et
1205 1261 1338 1297 tradita,
1377 1261 1541 1302 quoniam
1585 1260 1750 1302 quicquid
1791 1272 1833 1292 ex
1873 1261 2051 1303 principiis
2089 1260 2140 1294 sic

664 1319 815 1361 opinatis
855 1320 907 1351 vel
939 1319 1070 1351 traditis
1103 1319 1293 1357 eliceretur,
1335 1330 1412 1350 cum
1446 1329 1515 1350 non
1548 1319 1691 1350 haberet
1723 1318 1963 1350 certitudinem
2004 1318 2069 1350 nisi
2105 1319 2139 1351 in

664 1383 829 1418 quantum
856 1377 889 1408 in
915 1377 970 1408 illa
995 1376 1163 1419 principia
1189 1377 1421 1415 reduceretur,
1447 1377 1559 1407 solum
1577 1382 1670 1408 esset
1690 1377 1857 1408 creditum
1882 1377 1935 1408 vel
1960 1376 2139 1418 opinatum

664 1435 765 1467 etiam
791 1435 939 1466 debilius
964 1446 1065 1476 quam
1093 1434 1167 1476 ipsa
1186 1433 1364 1476 principia.
1386 1434 1431 1466 lta
1450 1444 1535 1475 ergo
1556 1440 1588 1466 et
1610 1434 1642 1465 in
1668 1433 1845 1476 theologia
1870 1439 1932 1466 est.
1963 1434 2139 1475 Quoniam

664 1492 831 1535 principia
860 1492 1059 1533 theologiae
1085 1498 1164 1524 sunt
1189 1491 1380 1524 certissima
1405 1491 1438 1523 in
1465 1503 1527 1523 sua
1553 1491 1694 1523 veritate
1723 1498 1756 1523 et
1780 1492 1980 1523 evidcntiw
2006 1492 2082 1524 Deo
2107 1497 2141 1524 et

663 1550 783 1587 beatis,
817 1551 896 1582 ideo
929 1550 1029 1582 etiam
1064 1550 1097 1581 in
1131 1556 1296 1591 quantum
1330 1550 1482 1581 revelata
1515 1555 1595 1582 sunt
1635 1550 1678 1581 ab
1712 1549 1775 1581 illis
1810 1550 2007 1582 creduntur.
2042 1549 2140 1582 Sicut

663 1609 754 1640 enim
795 1608 980 1640 auctoritas
1019 1609 1170 1639 humana
1214 1607 1294 1639 facit
1334 1607 1534 1649 opinionem
1575 1618 1664 1649 quae
1715 1613 1768 1639 est
1807 1607 1945 1639 habitus
1995 1613 2140 1649 utraque

663 1666 867 1698 certitudine
904 1676 1036 1705 carens,
1073 1665 1118 1697 ita
1154 1665 1341 1697 auctoritas
1378 1665 1493 1696 divina
1528 1665 1608 1697 facit
1645 1665 1747 1697 fidem
1786 1676 1874 1706 quae
1913 1672 1966 1697 est
2001 1665 2139 1697 habitus

663 1724 902 1756 certitudinem
928 1723 1151 1755 adhaesionis
1176 1724 1319 1754 hahens.
1347 1723 1417 1755 Sed
1451 1722 1533 1764 quid
1571 1723 1714 1765 prodest
1750 1723 1858 1755 utenti
1891 1723 2017 1755 talibus
2050 1723 2139 1765 prin-

663 1782 761 1824 cipiis
787 1782 836 1813 sic
861 1782 972 1813 solum
998 1782 1042 1813 al>
1067 1781 1144 1823 ipso
1169 1780 1307 1813 creditis
1332 1787 1365 1813 et
1394 1781 1640 1813 conclusiones
1672 1792 1714 1812 ex
1747 1781 1831 1823 ipsis
1863 1780 2068 1822 elicienti[s],
2094 1781 2137 1813 ad

662 1841 729 1871 hoc
755 1840 848 1881 quod
874 1839 1114 1871 certitudinem
1148 1839 1342 1871 evidentiae
1374 1839 1500 1870 haheat
1531 1839 1574 1870 de
1607 1839 1805 1870 huiusmodi
1839 1838 2136 1877 conclusionibus,

662 1898 755 1939 quod
781 1897 871 1929 beati
897 1897 940 1929 de
966 1897 1049 1939 ipsis
1083 1896 1260 1939 principiis
1297 1897 1448 1928 habeant
1481 1896 1721 1928 certitudinem
1758 1896 1953 1928 evidentiae
1978 1902 2011 1928 et
2043 1897 2139 1938 quod

662 1955 737 1997 ipsa
762 1956 955 1987 secundum
981 1966 1018 1986 se
1050 1961 1130 1986 sunt
1161 1954 1336 1986 evidentia
1361 1960 1394 1986 et
1419 1955 1538 1986 certa?
1575 1954 1654 1986 Hoc
1690 1954 1780 1986 enim
1818 1954 1900 1986 nihil
1927 1955 2070 1996 prodest
2094 1955 2138 1986 ad

662 2013 901 2045 certitudinem
928 2012 1123 2044 evidentiae
1156 2022 1246 2053 quae
1271 2011 1429 2044 consistit
1455 2011 1487 2043 in
1524 2011 1675 2043 evidenti
1712 2011 1994 2054 apprehensione
2030 2012 2078 2044 rei
2104 2012 2137 2044 in

662 2082 699 2102 se
724 2071 777 2102 vel
802 2070 835 2102 in
873 2081 935 2102 sua
967 2080 1073 2102 causa
1105 2071 1158 2101 vel
1191 2070 1317 2102 effectu
1351 2076 1383 2101 et
1416 2076 1540 2109 cetera,
1575 2070 1637 2101 sed
1670 2070 1782 2101 solum
1818 2070 1861 2101 ad
1898 2069 2138 2102 certitudinem

661 2128 885 2160 adhaesionis
917 2139 1006 2169 quae
1041 2127 1200 2159 consistit
1225 2127 1257 2159 in
1295 2127 1508 2163 auctoritate,
1534 2127 1622 2159 sicut
1656 2127 1688 2159 in
1726 2127 1870 2159 scientia
1903 2127 2139 2160 subalternata

661 2192 762 2223 esset,
789 2186 816 2217 si
855 2185 1022 2228 principia
1047 2185 1134 2217 illius
1158 2186 1268 2217 solum
1303 2192 1421 2217 essent
1453 2185 1596 2225 cognita
1624 2185 1706 2226 quia
1734 2196 1753 2216 a
1783 2185 1961 2227 superiore
1994 2185 2139 2217 scientia

659 2243 792 2275 tradita.
819 2243 966 2284 Oportet
991 2253 1076 2283 ergo
1101 2241 1269 2283 principia
1294 2241 1459 2273 scientiae
1488 2242 1744 2273 subalternatae
1773 2252 1851 2273 esse
1879 2247 1973 2273 certa
1999 2241 2136 2273 certitu-

661 2300 741 2332 dine
772 2300 977 2339 evidentiae,
1006 2301 1049 2331 ad
1078 2301 1146 2331 hoc
1178 2300 1272 2341 quod
1305 2310 1347 2331 ex
1379 2299 1463 2341 ipsis
1495 2299 1692 2340 acquiratur
1719 2299 1864 2331 scientia
1897 2299 2136 2331 conclusionis

469 2356 639 2419 fOlCOQQVVa
662 2369 703 2390 ex
731 2358 815 2400 ipsis
844 2358 988 2389 elicitae.
1022 2360 1026 2399 1

512 2413 517 2418 “
570 2410 574 2416 ’
750 2416 820 2448 Sed
854 2416 980 2457 duplex
1016 2421 1068 2447 est
1100 2414 1266 2455 cognitio,
1298 2414 1428 2447 scilieet
1458 2415 1539 2456 quia
1571 2420 1623 2446 est
1653 2421 1686 2446 et
1718 2421 1860 2456 propter
1891 2414 1983 2456 quid.
2009 2414 2137 2446 Verum

659 2480 714 2508 ‚est
739 2474 833 2515 quod
866 2473 1068 2515 cognitione
1093 2472 1172 2514 quia
1200 2479 1252 2505 est
1284 2479 1432 2514 possunt
1459 2478 1493 2504 et
1521 2473 1651 2504 debent
1681 2483 1759 2504 esse
1792 2478 1886 2504 certa
1918 2472 1952 2504 in
1992 2471 2138 2504 scientia

661 2532 904 2569 subalternam,
939 2530 1019 2572 quia
1049 2530 1124 2562 talis
1158 2531 1248 2562 bene
1282 2531 1430 2562 habetur
1463 2529 1564 2562 etiam
1599 2540 1641 2562 ex
1672 2529 1844 2571 aliquibus
1876 2529 2135 2572 posterioribus,

661 2595 698 2620 ut
731 2600 772 2621 ex
802 2588 984 2621 effectibus
1020 2594 1053 2620 et
1083 2587 1283 2619 huiusmodi
1316 2587 1418 2620 etiam
1454 2587 1488 2619 in
1524 2587 1687 2620 inferiore
1719 2587 1864 2620 scientia
1894 2587 1967 2620 sive
2000 2593 2137 2629 praeter

754 2722 759 2736 ¹
775 2721 863 2748 etiam
878 2725 906 2747 et
920 2720 953 2746 V.
