2493 3458
502 2052 567 2079 cod.
580 2052 603 2077 V

473 2087 522 2113 fol.
534 2089 586 2114 ‘258
597 2088 636 2113 Ra

659 424 691 448 54
1022 421 1210 448 MAGISTRI
1236 421 1458 447 GODEFRIDI
1489 421 1539 447 DE
1568 421 1764 449 FONTIBUS

658 518 727 544 tum
756 517 808 544 est
836 511 879 543 de
908 522 944 542 se
974 511 1017 542 ad
1047 511 1158 552 ipsum
1190 517 1222 542 et
1251 510 1325 542 eius
1358 510 1556 551 oppositum
1587 511 1677 551 quod
1713 517 1764 542 est
1797 522 1866 542 non
1899 521 1994 545 essez
2019 516 2053 542 et
2077 520 2126 542 stc

658 569 828 601 essentiae
847 574 879 600 et
897 568 1075 610 quidditati
1102 568 1147 599 rei
1173 567 1323 599 manenti
1351 568 1382 598 in
1409 578 1473 598 suo
1498 578 1575 599 esse
1601 579 1682 599 vero
1708 567 1934 608 quidditativo
1960 574 1992 599 et
2010 578 2126 600 essen-

658 626 727 658 tiali
752 626 939 667 aliquando
964 625 1127 657 convenit
1152 636 1239 663 esse,
1266 625 1453 666 aliquando
1479 635 1548 656 non
1575 636 1663 656 esse.

746 684 884 715 Contra.
901 684 1101 715 Secundum
1121 682 1352 725 Augustinum
1364 684 1410 716 (l)
1425 681 1544 723 quinto
1563 683 1605 714 de
1623 682 1800 721 Trinitate,
1815 682 1968 723 capitulo
1985 682 2126 723 quinto:

658 741 746 773 sicut
763 742 806 772 ab
835 752 877 772 eo
907 741 1000 782 quod
1030 747 1081 772 est
1110 751 1232 781 sapere
1258 739 1348 771 dieta
1376 746 1427 771 est
1453 739 1622 781 sapientia
1649 746 1682 770 et
1707 741 1750 770 ab
1775 752 1818 771 eo
1844 740 1937 781 quod
1964 745 2015 770 est
2040 739 2127 771 scire

658 799 749 831 dicta
777 804 829 830 est
857 798 1010 833 scientia,
1040 797 1084 829 ita
1113 798 1156 829 ab
1185 808 1227 829 eo
1255 797 1349 838 quod
1379 804 1430 829 est
1459 808 1537 828 esse
1566 797 1657 828 dicta
1686 803 1737 828 est
1770 797 1932 828 essentia.
1968 796 2125 828 Essentia

659 867 742 897 ergo
772 868 808 887 se
837 856 941 887 habet
969 856 1012 886 ad
1042 866 1120 887 esse
1149 854 1237 887 sicut
1266 854 1435 896 sapientia
1461 855 1502 885 ad
1533 866 1664 896 sapere.
1685 855 1753 886 Sed
1780 855 1871 885 nulla
1897 854 2066 896 sapientia
2090 865 2127 886 se

658 915 762 945 habet
790 924 850 955 per
878 912 1140 944 indifferentiam
1171 913 1213 943 ad
1243 923 1365 953 sapere
1383 918 1416 943 et
1445 923 1514 943 non
1542 922 1674 953 sapere,
1708 911 1788 952 quia
1816 911 1929 943 omnis
1959 911 2128 953 sapientia

658 971 882 1003 determinate
908 980 945 1002 se
971 971 1075 1001 habet
1100 970 1142 1000 ad
1169 976 1282 1001 actum
1308 969 1476 1011 sapiendi.
1504 970 1621 1009 Quare
1647 976 1679 1000 et
1705 976 1828 1000 cetera.

748 1028 957 1070 Respondeo
983 1027 1168 1058 dicendum
1195 1027 1289 1068 quod
1319 1026 1398 1068 quia
1428 1027 1609 1067 quaedam,
1636 1036 1712 1058 cum
1737 1027 1743 1043 ¹
1773 1037 1842 1057 non
1873 1032 1954 1057 sunt
1979 1026 2028 1057 sic
2057 1037 2126 1057 uon

659 1092 738 1117 sunt
771 1085 803 1116 in
838 1084 1028 1123 existentia,
1058 1084 1136 1126 quia
1166 1090 1278 1116 tamen
1311 1084 1472 1115 dicuntur
1504 1083 1619 1125 aliquo
1649 1084 1754 1115 modo
1790 1083 1880 1114 entia
1915 1094 1994 1114 vera
2013 1084 2024 1099 ”-’
2055 1083 2127 1115 sive

659 1155 712 1175 res
744 1154 822 1175 vere
856 1142 1187 1184 praedicamentales
1221 1143 1389 1173 habentes
1422 1153 1521 1173 veras
1563 1141 1712 1172 rationes
1755 1141 1914 1172 formales
1948 1147 1981 1172 et
2014 1152 2126 1172 exeun-

660 1201 771 1242 plares
789 1200 822 1232 in
838 1200 849 1217 ³
874 1200 1046 1231 intellectu
1065 1200 1193 1237 divino,
1212 1199 1402 1231 secundum
1422 1210 1508 1240 quas
1534 1199 1706 1230 mediante
1725 1199 1901 1229 voluntate
1927 1198 2000 1229 eius
2028 1204 2128 1230 natae

658 1266 737 1290 sunt
755 1258 900 1290 existere
918 1257 951 1288 in
971 1269 1005 1289 re
1023 1263 1127 1294 extra,
1147 1258 1204 1297 [et]
1224 1257 1267 1288 ‹le
1290 1256 1412 1287 talibus
1439 1263 1553 1298 potest
1578 1256 1643 1287 ‹iit-i
1670 1268 1747 1287 esse
1773 1256 1916 1287 seientia
1941 1266 2030 1297 quae
2057 1266 2127 1287 non

659 1323 710 1348 est
735 1327 803 1347 non
830 1315 968 1353 entium,
995 1315 1055 1346 sed
1081 1314 1221 1348 entium,
1247 1326 1289 1345 eo
1315 1314 1408 1355 quod
1435 1314 1608 1344 obiectum
1636 1313 1828 1344 intellectus
1855 1320 1905 1344 est
1930 1313 2023 1354 quod
2047 1313 2128 1354 quid

659 1380 711 1405 est
739 1373 811 1404 sive
847 1383 926 1404 vera
968 1372 1012 1404 rei
1048 1371 1232 1413 quidditas,
1265 1378 1297 1403 et
1336 1382 1413 1402 cum
1448 1372 1491 1402 de
1524 1371 1648 1402 talibus
1682 1371 1723 1402 ¹sit
1757 1370 1910 1404 scientia.
1951 1371 2018 1401 hnc
2058 1381 2128 1401 non

659 1431 875 1471 contingeret
908 1430 970 1461 nisi
1004 1430 1348 1470 apprehen(lerentnr
1411 1440 1488 1459 vere
1523 1428 1720 1469 praedicata
1753 1427 1949 1459 essentialia
1975 1429 2016 1459 de
2043 1428 2129 1469 ipsis

659 1489 731 1520 sive
760 1488 842 1529 ipsis
871 1487 1069 1525 convenire,
1099 1493 1218 1528 utpote
1249 1486 1363 1528 pluvia
1393 1497 1462 1517 non
1493 1486 1659 1517 existente
1694 1496 1772 1517 vere
1806 1486 1952 1517 habetur
1984 1485 2131 1517 scientia

1785 1543 1795 1558 ⁶
1835 1550 1867 1574 et
1901 1543 2043 1574 sormam
2083 1543 2129 1574 ad

657 1547 700 1578 de
733 1546 817 1587 ipsa,
850 1556 920 1576 non
953 1551 1065 1576 autem
1100 1544 1163 1575 nisi
1196 1544 1449 1585 cognoscendo
1483 1543 1556 1575 eius
1588 1543 1763 1574 materiam

659 1604 732 1635 eius
768 1603 952 1635 essentiam
993 1601 1197 1643 pertinentia
1233 1608 1266 1633 et
1304 1600 1503 1642 praedicata
1539 1601 1734 1632 essentialia
1769 1601 1812 1632 de
1851 1600 1934 1642 ipsa,
1970 1607 2005 1632 ut
2033 1600 2130 1641 quod

657 1667 708 1693 est
727 1661 738 1677 ὓ
763 1671 852 1702 aqua
880 1660 1048 1703 gradatim
1079 1659 1218 1695 cadens,
1245 1665 1276 1691 et
1307 1669 1368 1700 per
1396 1670 1433 1690 se
1459 1658 1642 1700 passiones
1671 1664 1703 1689 et
1728 1664 1859 1691 cetera:
1892 1677 1929 1680 ἢ
1956 1658 2130 1698 quaedam

658 1725 781 1757 autem,
800 1729 877 1750 cum
903 1729 972 1749 non
997 1723 1077 1748 sunt
1096 1716 1106 1732 ⁷
1131 1717 1180 1748 sic
1206 1728 1275 1748 nun
1301 1723 1380 1748 sunt
1406 1716 1438 1748 in
1465 1715 1654 1751 existentia,
1673 1716 1767 1757 quod
1790 1715 1891 1747 etiam
1911 1716 2004 1747 nullo
2023 1715 2130 1746 modo

658 1777 818 1809 dicuntur
857 1775 948 1807 entia
988 1786 1067 1807 vera
1107 1775 1180 1806 sive
1220 1786 1274 1806 res
1315 1784 1392 1806 vere
1434 1773 1767 1815 praedicamentales
1815 1774 1984 1805 habentes
2030 1784 2131 1804 veras

657 1834 808 1866 rationes
826 1834 987 1865 formales
1006 1833 1039 1864 in
1060 1833 1133 1864 Deo
1151 1832 1377 1873 exemplares,
1395 1831 1589 1863 secundum
1607 1842 1694 1872 quas
1712 1837 1813 1862 natae
1833 1837 1912 1862 sunt
1941 1830 2130 1871 aliquando

658 1893 804 1924 existere
836 1891 870 1922 in
903 1901 1015 1922 rerum
1053 1897 1183 1927 natura,
1220 1896 1253 1921 et
1288 1889 1330 1921 de
1369 1889 1495 1920 talibus
1524 1889 1618 1920 nullo
1653 1889 1757 1920 inodo
1792 1894 1905 1930 potest
1944 1887 2010 1920 dici
2052 1898 2131 1919 esse

658 1949 801 1982 scientia
829 1959 909 1981 vere
937 1955 970 1980 et
998 1947 1196 1989 simpliciter
1223 1958 1312 1988 quae
1342 1958 1412 1978 non
1441 1953 1493 1978 est
1523 1946 1586 1978 nisi
1616 1957 1735 1978 eorum
1769 1956 1858 1987 quae
1891 1953 1970 1977 sunt
2009 1945 2131 1986 aliquo

658 2008 762 2039 modo
796 2018 874 2039 vera
909 2006 1025 2043 entia3
1052 2025 1090 2028 —
1129 2010 1269 2046 propter
1308 2004 1516 2042 huiusmodi,
1549 2004 1699 2045 inquam,
1741 2003 1973 2035 diversitatem
2014 2013 2130 2034 rerum

659 2065 786 2103 talium,
814 2064 948 2096 videtur
979 2063 1150 2104 aliquibus
1179 2062 1273 2104 quod
1301 2072 1379 2094 cum
1410 2061 1518 2103 prima
1546 2072 1615 2093 non
1643 2061 1715 2093 exis
1752 2065 1756 2102 Ι
1791 2067 1876 2095 tunt,
1907 2071 1984 2092 cum
2014 2066 2131 2092 tamen

660 2123 818 2155 dicantur
835 2121 927 2154 entia
945 2119 1271 2163 praedicamentalia
1297 2119 1461 2160 (alioquin
1480 2119 1523 2150 de
1541 2119 1624 2160 ipsis
1643 2129 1712 2150 non
1732 2129 1811 2151 vera
1825 2118 1836 2133 ⁸
1853 2124 1945 2150 esset
1963 2117 2132 2158 scientia),

660 2181 724 2212 alia
760 2186 874 2211 autem
912 2190 983 2211 non
1021 2178 1081 2216 sic,
1111 2189 1181 2210 non
1220 2183 1368 2219 possunt
1404 2182 1518 2208 autem
1557 2176 1624 2208 dici
1653 2186 1733 2208 vera
1768 2176 1860 2207 entia
1895 2167 1959 2207 nisi
1999 2175 2133 2207 ratione

661 2249 738 2270 esse
766 2236 969 2270 existentiae
994 2236 1145 2278 ipsorum
1175 2235 1227 2267 vel
1256 2235 1390 2267 ratione
1418 2234 1602 2272 essentiae,
1631 2233 1704 2265 sive
1733 2233 1813 2275 quia
1838 2239 1918 2264 sunt
1942 2233 2070 2274 aliquid
2098 2232 2131 2264 in

660 2307 737 2328 esse
766 2294 967 2327 existentiae
996 2294 1029 2325 in
1059 2304 1094 2325 re
1123 2299 1217 2325 extra
1237 2293 1248 2308 ‘⁸
1275 2293 1329 2324 vel
1347 2292 1466 2324 saltem
1492 2291 1525 2323 in
1552 2302 1630 2323 esse
1648 2291 1821 2323 essentiae
1846 2297 1879 2323 et
1904 2290 2133 2332 quidditativo

753 2467 755 2476 ¹
772 2468 868 2489 tamen
888 2463 956 2488 add.
978 2462 1008 2488 P.
1030 2478 1061 2480 —
1084 2462 1092 2476 Ξ
1107 2470 1174 2487 vere
1195 2461 1224 2486 P.
1240 2477 1267 2480 —
1287 2462 1297 2475 ³
1310 2469 1364 2486 om.
1379 2460 1408 2485 P.
1430 2476 1462 2478 —
1480 2462 1485 2475 ¹
1501 2459 1769 2494 apprehenderetur
1783 2459 1812 2484 P.
1827 2474 1859 2478 —
1881 2459 1890 2473 ὗ
1904 2463 2036 2484 naturam
2056 2458 2086 2483 P.
2104 2473 2133 2476 —-

660 2509 670 2523 ¹⁴
684 2517 739 2533 om.
760 2507 789 2533 P.
810 2523 841 2525 —
865 2507 872 2521 ³
887 2515 942 2532 om.
962 2506 992 2532 P.
1014 2521 1045 2524 —
1067 2506 1076 2520 ⁸
1090 2514 1158 2531 vere
1174 2505 1206 2530 V.
1227 2521 1259 2523 —
1280 2507 1290 2519 *⁴
1305 2504 1333 2530 in
1353 2513 1384 2530 re
1405 2508 1485 2530 extra
1506 2503 1548 2528 bis
1568 2503 1598 2529 P.

749 2623 787 2654 (l)
811 2620 1007 2656 Augustini
1032 2621 1075 2646 De
1102 2620 1258 2649 Trinitate,
1279 2620 1295 2645 1.
1310 2620 1342 2649 V,
1357 2628 1380 2645 c.
1394 2621 1410 2645 2
1435 2619 1476 2647 (P.
1491 2619 1531 2646 L..
1545 2618 1602 2644 vol.
1616 2619 1659 2645 42,
1674 2618 1728 2643 col.
1744 2619 1816 2645 913).
1832 2628 1843 2642 «
1857 2617 1939 2643 Sicut
1955 2616 2031 2643 enim
2046 2617 2082 2642 ab
2099 2624 2134 2642 eo

662 2666 740 2700 quod
754 2670 798 2691 est
811 2673 916 2699 sapere
930 2664 1008 2690 dicta
1023 2668 1067 2690 est
1082 2663 1234 2698 sapientia,
1249 2668 1277 2689 et
1293 2664 1329 2688 ab
1345 2672 1381 2689 eo
1402 2662 1481 2696 quod
1499 2667 1543 2688 est
1563 2662 1637 2688 scire
1657 2661 1735 2688 dicta
1756 2665 1800 2687 est
1819 2659 1957 2687 scientia:
1977 2660 2021 2686 ita
2042 2660 2078 2686 ab
2099 2668 2134 2688 eo

663 2709 741 2745 quod
755 2713 799 2735 est
813 2717 878 2734 esse
893 2707 971 2734 dicta
986 2711 1030 2734 est
1044 2707 1180 2734 essentia.
1197 2718 1207 2728 w
