2493 3458
533 2569 597 2596 cod,
613 2570 638 2595 V

500 2604 550 2631 fol.
563 2606 615 2631 276
630 2605 671 2631 Va

691 423 738 447 104
1053 420 1242 447 MAtzls'slel
1273 419 1490 446 GODEFRIDI
1521 420 1572 446 DE
1602 419 1799 446 FONTIBUS

689 522 765 542 6556
791 510 988 552 potentiale,
1015 511 1124 541 forma
1160 515 1195 542 ut
1231 520 1308 541 6556
1344 509 1488 541 actuale.
1524 509 1564 540 Et
1601 509 1679 541 ideo
1715 509 1795 550 quia
1823 520 1902 541 6556
1930 509 2160 542 communiter

688 568 855 610 accipitur
881 579 942 609 pro
967 578 1045 599 6556
1082 567 1281 609 simpliciter
1306 567 1399 608 quod
1437 573 1488 598 est
1520 578 1598 599 6556
1630 567 1765 598 actuale
1801 572 1834 599 et
1870 567 1938 599 hoc
1974 572 2090 600 manet
2125 567 2159 600 in

687 626 811 660 anima.
849 625 927 657 ideo
963 625 1086 656 dicitur
1118 631 1224 657 totuin
1263 636 1340 656 esse
1375 635 1523 656 manere.
1555 625 1798 656 Verumtamen
1832 625 1914 656 illud
1943 630 2050 657 totum
2082 635 2160 658 esse

688 683 871 725 compositi
908 694 978 714 non
1015 688 1066 715 est
1102 682 1283 724 compositi
1321 682 1353 713 in
1391 689 1468 713 actu
1506 683 1567 714 sed
1609 684 1641 714 in
1679 682 1880 724 aptitudine,
1921 682 1954 714 in
1994 688 2160 725 quantum

688 741 801 772 anima
837 746 916 772 nata
953 746 1004 772 est
1040 740 1226 772 informare
1263 739 1438 771 materiam
1476 746 1508 771 et
1548 740 1805 771 communicare
1841 751 1941 772 suum
1978 751 2055 772 esse
2095 740 2161 783 ipsi

688 798 859 830 materiae.
887 798 972 829 Num
999 798 1107 829 forma
1133 804 1165 829 et
1191 810 1268 829 6556
1295 797 1384 829 idem
1410 803 1490 829 sunt
1515 804 1547 829 et
1577 809 1682 829 unum
1715 804 1748 830 et
1780 797 1869 830 idem
1907 804 1958 830 est
1989 799 2098 830 forma
2129 803 2162 831 et

688 866 765 888 6556
791 856 952 887 materiae
979 861 1011 887 et
1037 855 1166 887 formae
1201 861 1233 887 et
1269 866 1346 887 6556
1383 855 1576 897 compositi.
1615 855 1759 897 Propter
1787 856 1881 897 quod
1910 855 2012 888 etiam
2044 855 2161 888 huius-

688 913 780 945 modi
817 925 894 945 6556
926 913 957 944 in
992 913 1105 944 anima
1142 918 1300 954 separata
1338 913 1441 945 habet
1482 913 1622 944 modum
1659 913 1799 945 essendi
1837 913 2077 955 imperfectum
2117 924 2160 946 eo

688 972 884 1013 quodcum
911 970 1025 1002 anima
1051 970 1248 1002 naturaliter
1284 970 1415 1012 appetit
1443 970 1627 1002 informare
1661 970 1836 1002 materiam
1875 978 1907 1002 et
1943 983 2043 1003 suum
2081 982 2160 1004 esse

689 1029 731 1060 illi
760 1028 1026 1066 communicare,
1064 1034 1099 1060 ut
1135 1028 1184 1060 sie
1221 1028 1263 1060 sit
1298 1040 1375 1059 6556
1413 1028 1515 1059 totius
1544 1028 1727 1070 compositi
1764 1040 1825 1070 per
1861 1040 1898 1060 56
1931 1029 1980 1061 sic
2014 1029 2047 1060 in
2082 1040 2160 1061 esse

689 1087 896 1128 completum
923 1091 956 1118 et
981 1086 1173 1118 secundum
1212 1086 1350 1117 modum
1385 1086 1595 1127 completum
1633 1086 1820 1124 existentis,
1858 1087 1951 1119 unde
1984 1097 2062 1118 cum
2095 1087 2162 1119 hoc

689 1155 758 1176 non
785 1144 864 1176 fucit
891 1150 1005 1175 manet
1029 1143 1168 1184 quidem
1195 1143 1284 1175 idem
1311 1154 1400 1181 6556,
1427 1144 1488 1175 sed
1514 1154 1592 1175 cum
1625 1155 1693 1175 non
1728 1143 1770 1175 sit
1803 1144 1986 1186 compositi
2020 1144 2053 1176 in
2083 1151 2163 1177 actu

688 1203 749 1234 sed
786 1202 896 1233 solum
935 1201 966 1232 in
1004 1201 1206 1243 aptitudine,
1243 1201 1383 1232 modum
1419 1201 1655 1243 imperfectum
1690 1202 1794 1233 habet
1826 1202 2034 1234 huiusmodi.
2070 1202 2162 1245 Ergo

690 1271 766 1292 6556
792 1259 985 1291 secundum
1005 1259 1144 1290 modum
1163 1258 1301 1291 essendi
1321 1259 1530 1300 completum
1549 1259 1713 1291 convenit
1738 1270 1799 1301 per
1821 1271 1858 1291 56
1876 1259 1936 1292 toti
1955 1259 2159 1302 composito,

690 1328 749 1359 per
776 1317 916 1348 formam
937 1323 1061 1348 tamen.
1082 1317 1158 1348 lloc
1175 1316 1275 1348 etiam
1303 1328 1379 1348 cum
1406 1317 1473 1348 hoc
1499 1323 1560 1354 est,
1579 1323 1630 1348 est
1656 1318 1762 1348 homo
1788 1317 2007 1359 simpliciter:
2033 1324 2066 1349 et
2084 1317 2163 1350 ideo

690 1375 789 1406 etiam
816 1374 898 1406 nulli
925 1374 1010 1416 purti
1027 1374 1189 1406 convenit
1214 1374 1410 1405 huiusmodi
1437 1386 1515 1406 6556
1541 1375 1734 1406 secundum
1753 1375 1847 1406 hunc
1865 1376 2004 1406 modum
2023 1375 2162 1407 essendi

691 1433 891 1474 perfectum.
924 1432 963 1463 lit
999 1432 1078 1463 ideo
1114 1431 1215 1463 etium
1248 1432 1361 1463 anima
1394 1438 1563 1473 separata,
1594 1432 1726 1464 ratione
1759 1432 1846 1464 illius
1879 1444 1956 1465 esse
1993 1433 2164 1465 manentis

690 1501 759 1522 non
794 1495 907 1532 potest
936 1489 1003 1521 dici
1037 1500 1114 1521 esse
1143 1490 1247 1521 homo
1280 1489 1336 1531 qui
1367 1489 1461 1531 prius
1497 1490 1676 1521 dicebatur
1705 1491 1809 1521 homo
1845 1501 1923 1521 cum
1961 1497 2031 1522 erat
2060 1490 2164 1522 totius

691 1547 884 1590 compositi,
903 1548 964 1579 sed
990 1548 1183 1580 secundum
1210 1548 1350 1579 modum
1376 1547 1515 1579 essendi
1543 1547 1790 1589 imperfectum.
1811 1548 1893 1580 Tale
1918 1555 2032 1580 autem
2050 1554 2165 1590 potest

690 1605 877 1638 convenire
907 1605 992 1647 parti
1017 1605 1067 1637 sic
1092 1604 1242 1636 manenti
1269 1615 1287 1636 a
1314 1616 1379 1645 qua
1406 1604 1506 1636 etiaim
1533 1611 1604 1637 erut
1630 1611 1738 1636 totum
1760 1616 1837 1637 esse
1862 1605 2045 1647 compositi
2071 1605 2164 1638 dicto

690 1663 796 1695 modo
821 1669 853 1695 et
878 1669 1002 1695 cetera.
1029 1662 1071 1694 Et
1096 1673 1157 1704 per
1181 1663 1249 1694 hoc
1275 1669 1367 1704 putet
1392 1662 1518 1693 solutio
1545 1663 1587 1694 ad
1613 1662 1797 1694 obiectum.

1282 1903 1523 1944 QL'AESTH)
1550 1904 1578 1935 t·

1337 1997 1519 2031 (LONGA).

889 2111 1028 2149 Utrum
1060 2111 1191 2147 dicere
1219 2111 1324 2160 quod
1353 2114 1499 2158 corpus
1532 2111 1682 2148 Christi
1711 2113 1909 2147 mortuum
1941 2114 1977 2147 ct

691 2177 858 2214 alterins
881 2177 1054 2214 hominis
1080 2180 1281 2213 mortuum
1304 2177 1439 2227 fucrit
1467 2181 1613 2226 corpus
1635 2177 1845 2227 aequivoce
1868 2177 1921 2213 sit
1943 2191 2164 2214 erroneum.

781 2338 917 2370 Deinde
943 2337 1035 2370 circa
1060 2338 1266 2380 pertinentia
1295 2339 1339 2370 ad
1367 2346 1522 2371 naturam
1550 2341 1735 2372 humanam
1767 2347 1934 2382 quantum
1964 2341 2007 2372 ad
2036 2351 2166 2383 corpus

692 2397 947 2439 quaerebantur
986 2397 1056 2428 duo
1102 2396 1298 2438 specialiter
1337 2397 1428 2429 circa
1469 2409 1597 2439 corpus
1637 2398 1774 2430 Christi.
1817 2398 1966 2430 Primum
2011 2404 2084 2430 erat
2122 2399 2166 2431 de

692 2465 838 2496 corpore
867 2453 994 2486 Christi
1019 2453 1055 2485 in
1083 2454 1345 2496 comparatione
1381 2455 1425 2486 ad
1453 2466 1600 2497 corpora
1633 2456 1778 2487 aliorum
1812 2456 2001 2495 hominum,
2035 2456 2167 2488 scilicet

693 2518 803 2544 utrum
840 2511 954 2544 dicere
987 2512 1081 2553 quod
1121 2522 1249 2554 corpus
1291 2512 1417 2544 Christi
1457 2520 1629 2545 mortuum
1670 2519 1703 2546 et
1742 2513 1991 2556 cuiuscumque
2027 2513 2166 2546 alterius

691 2569 842 2602 hominis
870 2571 874 2611 Ι
895 2574 1066 2601 mortuum
1085 2572 1164 2601 ante
1181 2569 1190 2586 ¹
1214 2569 1409 2602 ulteriorem
1436 2571 1684 2603 resolutionem
1701 2571 1802 2603 fuerit
1819 2581 1946 2615 corpus
1963 2571 2164 2614 aequivoce,

784 2713 790 2728 ¹
805 2712 961 2748 aliquando
981 2712 1014 2737 V.
