2493 3458
664 435 715 461 224
1031 431 1222 459 MAGISTRI
1252 428 1471 456 GODEFRIDI
1501 428 1551 454 DE
1580 425 1776 454 FONTIBUS

754 523 790 556 Si
826 529 941 555 tamen
978 523 1103 553 babeat
1136 521 1328 552 secundum
1365 517 1655 551 consuetudinem
1692 515 1837 548 alicuius
1872 521 1983 547 terrae
2021 513 2136 555 aliqua

665 583 759 614 bona
790 579 1064 623 paraphernalia,
1090 579 1123 610 id
1153 584 1213 616 est,
1243 577 1375 619 aliquas
1404 588 1458 608 res
1495 575 1651 617 proprias
1681 579 1815 616 praeter
1843 573 1970 611 dotem,
2002 583 2022 603 a
2054 582 2137 614 para

667 640 761 682 quod
789 645 841 671 est
874 639 976 676 iuxta,
1009 643 1042 669 et
1075 636 1230 679 pherna'
1268 635 1361 676 quod
1395 640 1447 666 est
1479 634 1553 671 dos,
1583 638 1698 674 potest
1729 632 1771 663 de
1805 631 1868 662 illis
1898 630 2004 662 libere
2034 629 2136 662 etiam

667 697 773 729 invito
799 696 920 728 marito
953 695 1067 727 facere
1094 694 1362 734 eleemosynam.
1391 692 1426 723 ln
1459 690 1666 732 quibusdam
1700 688 1790 721 enim
1822 688 1907 720 locis
1939 687 2137 720 huiusmodi

668 753 931 797 paraphernalia
963 753 1076 784 locum
1103 762 1173 783 non
1206 751 1346 788 liabent,
1372 749 1434 781 sed
1459 760 1501 780 eo
1529 748 1606 790 ipso
1635 747 1728 789 quod
1760 746 1837 778 νίν2
1863 746 1958 778 ducit
1986 756 2138 783 uxorem,

668 812 783 845 onmia
809 823 897 853 quae
922 811 1027 842 habet
1053 820 1140 841 uxor
1165 807 1364 849 intelligitur
1389 806 1547 849 accipere
1578 806 1609 837 in
1638 805 1764 843 dotem,
1793 810 1825 836 et
1855 804 1976 836 eadem
2006 803 2139 835 ratione

668 871 770 903 etiam
802 868 918 901 omnia
951 880 1039 910 quae
1070 872 1192 909 postea
1223 864 1367 907 acquirit
1399 865 1451 896 vel
1481 864 1630 895 lucratur
1662 868 1841 894 transeunt
1870 862 1903 893 in
1932 866 2139 904 potestatem

669 935 701 960 et
734 927 924 960 dominium
960 925 1031 963 viri,
1061 925 1149 956 sicut
1185 923 1286 955 etiam
1323 933 1412 964 quae
1445 921 1589 963 acquirit
1621 921 1672 952 vel
1703 920 1854 952 lucratur
1881 920 2074 951 monachus
2105 919 2139 951 in

669 985 859 1018 dominium
885 983 1094 1022 monasterii,
1124 988 1157 1014 et
1188 981 1266 1013 ideo
1292 979 1393 1013 etiam
1419 980 1524 1011 habet
1549 979 1643 1010 solus
1672 978 1721 1009 vir
1747 977 1901 1009 omnium
1927 977 2140 1009 administra·

668 1044 796 1076 tionem
822 1053 911 1084 quae
937 1041 1056 1073 habuit
1082 1051 1167 1072 uxor
1191 1045 1224 1071 et
1249 1050 1338 1081 quae
1363 1037 1517 1079 acquirit,
1536 1036 1600 1068 nisi
1624 1042 1789 1077 quantum
1816 1036 1858 1066 de
1884 1034 2140 1067 consuetudine

669 1103 817 1134 honesta
849 1105 906 1132 aut
939 1100 981 1131 de
1017 1098 1155 1131 licentia
1191 1097 1251 1129 viri
1287 1095 1463 1138 praedicta
1496 1094 1699 1126 conceditur
1731 1093 1835 1124 uxori.
1870 1093 1906 1125 Si
1939 1093 2030 1124 enim
2061 1103 2140 1124 cum

669 1170 756 1192 uxor
779 1158 880 1190 tradit
905 1168 942 1189 se
973 1156 1094 1188 marito
1119 1155 1355 1196 intelliguntur
1386 1153 1472 1185 tradi
1505 1162 1747 1193 ‹plau-cumque
1776 1151 1880 1183 habet
1909 1162 2004 1190 uxor,
2034 1151 2141 1182 multo

670 1217 780 1260 magis
806 1216 907 1248 etiam
933 1214 1048 1246 omnia
1081 1224 1169 1255 (piae
1196 1219 1317 1254 postea
1346 1221 1567 1253 quocumque
1597 1209 1701 1240 modo
1730 1209 1874 1250 acquirit
1903 1220 1988 1240 uxor
2017 1209 2142 1241 intrant

636 1297 639 1301 -
671 1275 860 1308 dominium
900 1279 932 1305 et
972 1271 1231 1315 possessionem
1273 1270 1345 1301 ¹sive
1385 1267 1629 1310 proprietatem
1672 1266 1781 1308 ipsius
1821 1266 1891 1298 viri.
1932 1267 2011 1299 Hoc
2051 1267 2141 1299 enim

671 1333 776 1375 exigit
793 1333 923 1363 bonum
950 1336 983 1363 et
1008 1328 1175 1372 perfectio
1200 1327 1384 1359 cuiuslibet
1407 1325 1632 1358 multitudinis
1658 1324 1731 1356 six-e
1756 1324 2022 1363 communitati&
2048 1325 2143 1366 quod

671 1402 762 1423 unus
798 1390 840 1421 sit
867 1388 925 1431 qui
965 1387 1175 1430 principetur
1204 1392 1236 1417 et
1264 1386 1390 1416 habeat
1423 1389 1629 1426 potestatem
1659 1382 1920 1414 administrandi
1950 1383 2142 1414 secundum

671 1449 766 1491 quod
799 1446 962 1489 competit
991 1444 1199 1486 unicuique;
1235 1443 1267 1474 in
1301 1443 1406 1474 domo
1439 1448 1552 1473 autem
1582 1442 1649 1472 lwc
1678 1439 1843 1482 competit
1871 1440 1957 1482 patri
1988 1440 2142 1472 familias.

672 1507 774 1540 Unde
803 1506 846 1537 de
876 1505 980 1536 rebus
1011 1503 1060 1535 sic
1098 1500 1331 1544 principaliter
1359 1500 1402 1531 ad
1434 1498 1765 1530 administrationem
1799 1498 1859 1529 viri
1893 1498 2144 1540 pertinentibus

672 1575 761 1606 quae
786 1570 901 1596 tamen
926 1561 1119 1594 secundum
1145 1558 1434 1591 consuetudinem
1468 1557 1580 1588 solent
1606 1557 1649 1587 ad
1675 1555 1972 1598 dispensationem
1998 1566 2143 1588 uxorum

672 1622 844 1666 pertinere
869 1626 905 1652 ut
937 1620 980 1652 (le
1013 1629 1114 1661 pane,
1140 1617 1221 1649 vino
1257 1622 1290 1647 et
1314 1614 1513 1647 huiusmodi
1549 1614 1623 1645 aliis
1659 1613 1904 1646 communibus
1944 1613 2144 1646 domesticis

673 1687 706 1713 et
745 1678 979 1716 familiaribus,
1019 1681 1134 1718 potest
1173 1681 1206 1706 et
1238 1674 1341 1706 (lebet
1382 1684 1443 1715 pro
1475 1683 1512 1704 se
1553 1678 1585 1704 et
1622 1682 1683 1714 pro
1719 1671 1791 1702 viro
1827 1671 1925 1712 quasi
1965 1671 2144 1714 negotium

673 1747 858 1771 commune
883 1735 1039 1779 gerendo
1064 1734 1178 1765 facere
1204 1732 1454 1773 eleemosynas,
1480 1730 1656 1762 moderate
1681 1735 1795 1761 tamen
1820 1729 2013 1761 secundum
2039 1740 2146 1771 quan·

673 1796 803 1829 titatem
829 1794 1029 1826 facultatum
1048 1791 1109 1823 viri
1127 1791 1199 1822 sive
1217 1789 1464 1826 communium,
1482 1794 1515 1820 et
1533 1787 1726 1820 secundum
1745 1786 1908 1818 maiorem
1926 1792 1959 1818 et
1977 1787 2145 1819 minorem

673 1852 925 1887 multitudinem
944 1857 977 1883 et
994 1849 1235 1882 necessitatmn
1253 1857 1454 1890 pauperum,
1468 1853 1500 1877 et
1514 1845 1708 1877 secundum
1722 1844 1964 1876 condicionem
1979 1844 2144 1886 ipsorum.

673 1913 762 1944 Nam
787 1909 898 1953 magis
923 1906 1120 1941 coniunctis
1145 1905 1255 1949 magis
1281 1911 1332 1936 est
1358 1903 1622 1946 providendum.

763 1969 865 2001 Unde
891 1978 961 1999 non
1001 1965 1136 1997 videtur
1160 1965 1288 1995 habere
1313 1961 1556 1994 necessitatem
1590 1960 1766 1992 distinctio
1801 1970 1869 2002 qua
1900 1959 2023 1992 dicitur
2052 1960 2146 2001 quod

675 2038 761 2060 uxor
777 2032 834 2058 aut
852 2031 903 2058 est
929 2025 1066 2056 lucrosa
1084 2028 1117 2054 et
1133 2020 1317 2064 negotiosa
1335 2026 1393 2051 aut
1410 2030 1491 2057 non,
1510 2019 1571 2050 sed
1591 2018 1713 2056 otiosa,
1732 2017 1812 2059 quia
1829 2023 2149 2059 quantumcumque

675 2085 776 2118 fuerit
800 2084 949 2121 lucrosa,
975 2092 1016 2114 ea
1052 2087 1165 2112 tamen
1198 2089 1287 2120 quae
1312 2078 1462 2109 lucratur
1493 2075 1688 2108 efficiuntur
1719 2076 1784 2106 suh
1817 2081 1990 2117 potestate
2018 2074 2149 2107 domini

675 2144 719 2175 ad
744 2140 1019 2184 dispensandum
1045 2145 1078 2170 et
1102 2136 1422 2169 administrandum.
1450 2134 1694 2166 Verumtamen
1721 2133 1855 2164 facilius
1891 2133 1995 2164 debet
2019 2133 2149 2164 habere

675 2200 847 2233 licentiam
873 2196 1083 2240 disponendi
1108 2196 1151 2227 de
1183 2194 1309 2226 talibus
1335 2204 1436 2234 quam
1473 2191 1558 2230 aliis,
1585 2197 1618 2223 et
1653 2191 1788 2222 facilius
1827 2196 1941 2232 potest
1977 2190 2042 2222 sibi
2067 2201 2148 2222 con-

675 2260 823 2291 formare
848 2254 1097 2288 conscientiam
1130 2252 1231 2285 etiam
1258 2252 1391 2292 absque
1416 2249 1553 2281 licentia
1579 2259 1742 2290 expressa
1768 2249 1862 2290 quod
1893 2249 1961 2280 hoc
1985 2247 2148 2290 implicite

677 2322 709 2349 et
733 2316 768 2347 in
803 2314 923 2346 habitu
953 2312 1033 2344 velit
1070 2310 1209 2342 maritus
1246 2315 1279 2341 et
1315 2315 1439 2340 cetera.
1469 2308 1508 2339 Et
1533 2307 1635 2339 etiam
1671 2312 1836 2348 quantum
1873 2306 1917 2337 ad
1953 2305 2018 2337 alia
2054 2306 2149 2337 bona

676 2378 791 2417 potest
816 2371 881 2403 sibi
907 2381 991 2402 uxor
1026 2369 1174 2401 formare
1199 2366 1448 2399 conscientiam
1474 2376 1516 2397 ex
1540 2364 1704 2406 qualitate
1734 2363 1806 2396 sive
1833 2363 2042 2395 condicione
2074 2362 2148 2395 eius

676 2431 731 2464 cui
755 2431 827 2462 vult
851 2429 943 2467 dare,
980 2432 1100 2469 utpote
1136 2425 1164 2458 si
1203 2424 1245 2456 sit
1279 2424 1422 2455 multum
1448 2422 1609 2463 indigens
1645 2427 1704 2453 aut
1736 2421 1764 2453 si
1799 2421 1842 2453 sit
1877 2421 2087 2453 coniunctus
2115 2426 2150 2452 et

677 2494 801 2527 cetera,
827 2486 987 2530 cogitans
1012 2484 1106 2526 quod
1143 2483 1171 2515 si
1207 2482 1347 2514 maritus
1383 2482 1450 2512 hoc
1486 2480 1679 2512 attenderet
1715 2485 1748 2511 et
1783 2479 1924 2517 videret,
1949 2477 2149 2510 huiusmodi

676 2547 806 2579 factum
831 2544 896 2577 sibi
920 2544 1082 2586 placeret.
1109 2541 1179 2573 Sed
1209 2540 1238 2571 si
1270 2539 1356 2572 sciat
1383 2539 1452 2570 hoc
1488 2537 1630 2570 omnino
1667 2547 1745 2569 esse
1781 2542 1903 2568 contra
1935 2536 2148 2568 voluntatem

677 2610 710 2636 et
734 2607 958 2646 praeceptum
983 2599 1103 2638 mariti,
1139 2598 1233 2630 nullo
1273 2597 1378 2628 modo
1413 2595 1542 2637 aliquid
1577 2595 1660 2627 dare
1698 2595 1802 2626 debet
1833 2593 1900 2626 nisi
1929 2593 1964 2625 in
1997 2598 2148 2626 extrema

768 2729 775 2743 ¹
790 2727 873 2756 forna
894 2725 958 2759 (sic)
979 2725 1012 2751 V.
1033 2740 1066 2743 ——
1086 2723 1096 2738 ‘³
1111 2723 1159 2749 vix
1178 2722 1244 2756 (sic)
1263 2721 1297 2748 V.
