2493 3458
498 1406 563 1432 cod.
578 1406 599 1432 1‘

464 1441 514 1468 sol.
531 1443 580 1468 155
595 1441 633 1467 Yd

501 1894 566 1921 cod.
580 1894 601 1920 S

473 1929 522 1956 sol.
535 1932 571 1956 49
585 1930 624 1956 va

654 391 706 415 :332
1019 389 1209 416 MAGlSTRl
1239 390 1458 417 GODEFRlDl
1488 391 1539 417 DE
1568 391 1766 419 FONTIBUS

654 481 820 504 moveretur
845 477 1015 504 naturaliter
1040 478 1077 504 ad
1097 482 1227 504 centrum
1249 478 1332 504 istius
1352 478 1425 505 caeli
1443 480 1458 505 ¹.
1488 479 1550 505 Nec
1570 483 1720 514 oporteret
1748 480 1835 506 etiam
1866 489 1976 515 ponere
2002 489 2125 508 vacuum

653 526 721 561 quia
740 531 821 552 extra
841 531 995 562 utrumque
1020 527 1132 553 caelum
1154 535 1211 553 non
1237 531 1315 553 esset
1341 527 1459 562 aliquod
1481 527 1558 562 quod
1579 532 1658 554 esset
1683 532 1782 563 aptum
1806 533 1904 555 natum
1928 529 2078 556 continere
2097 534 2126 556 et

653 584 709 601 non
731 575 882 601 continens
902 580 967 602 actu
991 575 1044 602 nisi
1068 575 1267 609 imaginatur²
1292 575 1366 602 sicut
1392 576 1505 602 modo³
1531 576 1725 611 imaginamur
1747 586 1870 604 vacuum
1897 582 1978 604 extra
2003 578 2126 605 caelum.

1204 770 1474 805 QUAsssrlo
1508 771 1577 797 v11

1311 851 1472 874 manns..

976 945 1083 971 Utrum
1104 947 1211 980 corpus
1231 945 1346 971 Christi
1361 946 1456 980 possit
1474 945 1581 980 confici
1599 946 1634 971 de
1653 945 1746 980 spelm
1761 947 1809 976 (l).

745 1078 851 1104 Postea
880 1078 1074 1113 quaerebatur
1100 1087 1186 1104 unum
1214 1083 1352 1112 quamtum
1379 1078 1415 1104 atl
1447 1083 1630 1105 sacramenta
1657 1087 1732 1114 quae
1757 1083 1823 1104 sunt
1850 1078 1980 1105 instituta
2006 1084 2127 1114 propter

654 1127 809 1158 hominem,
829 1131 857 1153 et
887 1131 930 1153 est
956 1131 1049 1153 utrum
1076 1135 1183 1161 corpus
1209 1127 1315 1153 (bristi
1343 1127 1435 1162 possit
1465 1127 1569 1153 confici
1586 1129 1593 1142 ¹
1622 1127 1659 1153 (le
1687 1127 1790 1162 spelta.
1823 1127 1857 1154 Et
1885 1127 2015 1161 arguitur
2047 1128 2127 1163 quod

654 1184 721 1208 non,
751 1175 817 1210 quia
843 1175 1003 1201 secundum
1033 1184 1115 1202 usum
1148 1175 1298 1201 Ecclesiae
1325 1176 1361 1201 ab
1393 1175 1536 1210 apostolis
1568 1175 1704 1202 traditum
1738 1176 1859 1202 materia
1892 1176 2001 1202 huius*
2031 1185 2128 1202 sacra-

655 1224 745 1250 menti
765 1228 809 1250 est
829 1224 912 1259 panis
932 1224 1071 1250 triticeus.
1093 1224 1151 1250 Sed
1172 1224 1266 1259 spelta
1287 1233 1344 1250 non
1365 1229 1409 1250 est
1429 1224 1564 1250 triticum.
1587 1225 1664 1259 Ergo
1684 1229 1713 1250 et
1733 1229 1840 1251 cetera.

745 1272 928 1299 Contrarium
950 1273 981 1299 fit
1001 1273 1029 1299 in
1049 1273 1180 1308 pluribus
1201 1272 1280 1299 locis.

746 1321 929 1356 Respondeo.
950 1321 1065 1347 Veritas
1091 1326 1339 1347 sacramentorum
1361 1326 1389 1347 et
1414 1321 1548 1348 efficacia
1574 1321 1723 1357 dependet
1750 1330 1785 1348 ex
1812 1321 1993 1348 institutione
2021 1322 2128 1349 Christi

656 1379 731 1405 quae
766 1370 851 1396 nobis
883 1370 1008 1396 innotuit
1039 1379 1092 1405 per
1126 1370 1288 1396 doctrinam
1324 1370 1525 1405 apostolorum
1558 1370 1606 1405 qui
1639 1370 1755 1397 suerunt
1786 1375 1958 1406 praesentes
1989 1370 2017 1397 in
2050 1371 2130 1397 dicta

656 1419 885 1446 constitution‹·'¹
913 1420 916 1452 ξ
960 1423 987 1445 et
1020 1427 1072 1454 per
1096 1427 1178 1444 usum
1211 1418 1363 1445 Ecclesiae
1391 1418 1553 1445 traditum⁷
1579 1419 1615 1445 ab
1647 1419 1790 1454 apostolis
1821 1424 1850 1446 et
1881 1428 1934 1454 per
1965 1419 2128 1446 doctrinam

656 1476 756 1494 sacrae
777 1467 955 1502 Scripturae.
976 1468 1007 1494 ln
1037 1467 1091 1494 hoc
1115 1476 1186 1501 ergo
1213 1471 1241 1494 et
1269 1468 1297 1494 in
1323 1467 1387 1493 aliis
1413 1467 1570 1502 diligenter
1592 1472 1636 1494 est
1663 1467 1858 1494 attendendus
1878 1476 1948 1494 usus
1968 1467 2128 1494 Ecclesiae.

656 1517 691 1543 Et
711 1516 787 1548 ideo,
815 1516 890 1542 sicut
916 1516 988 1542 alias
1003 1518 1041 1546 (2)
1068 1516 1136 1548 dixi,
1157 1516 1195 1542 ita
1221 1521 1250 1542 et
1276 1524 1351 1542 nunc
1378 1516 1445 1542 dico
1471 1516 1549 1551 quod
1576 1525 1640 1542 cum
1657 1517 1667 1531 ⁸
1691 1516 1854 1542 communis
1881 1524 1951 1543 usus
1976 1516 2128 1543 Ecclesiae

655 1566 762 1592 habeat
785 1565 862 1600 quod
885 1565 989 1600 aliquis
1012 1565 1120 1599 pluries
1140 1564 1391 1591 sacramentaliter
1413 1565 1589 1591 confiteatur
1608 1565 1644 1591 de
1668 1564 1777 1591 eisdem
1793 1566 1811 1597 ⁹,
1831 1573 1889 1591 non
1912 1564 2028 1592 videtur
2050 1565 2130 1600 quod

655 1613 777 1639 deberet
802 1612 937 1639 sustineri
958 1612 1036 1647 quod
1064 1612 1177 1640 dicatur
1206 1612 1285 1647 quod
1311 1617 1523 1639 sacramentum
1553 1612 1753 1647 poenitentiae
1773 1621 1831 1639 non
1856 1613 1965 1639 habeat
1991 1612 2129 1639 effectum

654 1666 791 1697 respectu
817 1661 976 1688 eorundem
1000 1665 1188 1696 peccatorum
1214 1661 1269 1687 nisi
1294 1661 1394 1692 semel,
1421 1666 1449 1687 et
1473 1661 1528 1687 hoc
1548 1666 1593 1687 est
1615 1661 1710 1696 magis
1729 1661 1925 1687 necessarium
1946 1670 2032 1696 quarn
2053 1661 2130 1688 scire

657 1710 804 1746 quomodo
832 1711 954 1745 angelus
981 1710 1018 1736 sit
1043 1710 1071 1736 in
1097 1710 1172 1736 loco.
1205 1710 1282 1744 Quia
1308 1719 1380 1744 ergo
1397 1711 1416 1725 ¹⁰
1439 1709 1598 1736 secundum
1619 1718 1703 1736 usum
1723 1710 1874 1736 Ecclesiae
1895 1709 1979 1744 panis
1999 1709 2131 1737 triticeus

656 1764 685 1786 et
710 1768 768 1786 non
795 1759 868 1785 alius
895 1764 939 1785 est
965 1758 1085 1786 materia
1111 1759 1195 1785 huius
1220 1759 1394 1794 sacramenti
1422 1759 1488 1785 «hoc
1515 1758 1602 1784 etiam
1629 1763 1710 1794 patet
1736 1758 1802 1793 quia
1831 1758 1964 1785 Christus
1989 1767 2021 1785 se
2051 1767 2130 1786 corn-

657 1809 771 1844 paravit
791 1817 882 1843 grano
903 1807 1038 1834 frumenti
1068 1812 1096 1834 et
1117 1808 1184 1843 quia
1211 1807 1339 1834 creditur
1357 1809 1374 1823 ¹¹
1396 1807 1474 1842 quod
1501 1807 1529 1833 in
1550 1807 1599 1833 tali
1620 1816 1696 1843 pane
1717 1807 1845 1834 confecit
1864 1812 1893 1834 et
1916 1811 2130 1834 sacramentum

658 1857 802 1889 instituit),
816 1857 930 1883 -ideo
955 1856 1110 1883 dicendum
1133 1861 1178 1883 est
1202 1856 1280 1891 quod
1303 1856 1326 1882 si
1347 1857 1442 1891 spelta
1465 1865 1523 1883 non
1546 1860 1591 1883 est
1615 1856 1690 1882 idem
1714 1856 1815 1891 specie
1835 1864 1900 1882 cum
1921 1855 2027 1888 tritico,
2051 1856 2130 1891 quod

658 1915 716 1933 non
735 1911 834 1941 potest
855 1905 960 1932 confici
981 1906 1008 1932 in
1028 1914 1104 1940 pane
1125 1905 1204 1932 sacto
1222 1906 1240 1920 ¹⁴³
1260 1905 1296 1931 de
1316 1905 1419 1940 spelta.
1446 1907 1449 1938 Ι
1476 1906 1512 1932 Et
1532 1905 1598 1940 quia
1622 1905 1650 1931 in
1665 1904 1790 1931 diversis
1814 1904 1887 1931 locis
1907 1904 2024 1931 diversa
2043 1904 2130 1931 blada

657 1955 757 1990 specie
778 1959 920 1981 vocantur
936 1955 956 1970 ¹³
983 1955 1086 1989 spelta,
1107 1954 1196 1980 credo
1217 1954 1295 1989 quod
1316 1954 1411 1989 aliqua
1431 1954 1527 1989 spelta
1547 1954 1584 1980 sit
1609 1953 1686 1980 idem
1707 1953 1807 1989 specie
1834 1962 1900 1980 cum
1920 1953 2026 1985 tritico,
2046 1958 2075 1980 et
2095 1953 2131 1980 de

657 2005 707 2031 tali
733 2004 827 2039 spelta
855 2008 952 2038 potest
979 2003 1039 2029 fieri
1069 2003 1190 2029 materia
1216 2003 1394 2029 conveniens
1421 2003 1505 2029 huius
1521 2004 1539 2018 ¹¹
1565 2003 1749 2029 sacramenti.
1769 2003 1831 2029 Nec
1852 2003 1951 2029 obstat
1976 2002 2132 2029 diversitas

657 2061 764 2087 magna
805 2061 880 2087 quae
911 2056 1034 2087 apparet
1065 2051 1093 2077 in
1131 2051 1334 2078 accidentibus
1365 2051 1567 2084 exterioribus,
1599 2051 1667 2086 quia
1700 2051 1727 2077 in
1760 2051 1857 2078 multis
1888 2051 1952 2077 aliis
1985 2051 2131 2078 invenitur

657 2109 762 2136 magna
779 2102 800 2116 ¹⁵
819 2100 974 2127 diversitas
993 2100 1153 2127 secundum
1175 2100 1339 2127 accidentia
1360 2100 1435 2126 inter
1454 2108 1488 2126 ea
1509 2108 1584 2135 quae
1603 2104 1670 2126 sunt
1691 2099 1822 2126 eiusdem
1842 2100 1960 2135 speciei.

746 2150 782 2176 Et
802 2149 844 2176 sic
863 2152 945 2184 patet
965 2149 1002 2175 ad
1022 2148 1223 2184 quaestionem
1243 2153 1273 2175 et
1293 2148 1330 2175 ad
1351 2149 1476 2175 obiecta.

749 2444 757 2459 ²
770 2443 818 2470 vel
838 2447 934 2470 terrae
953 2443 1022 2470 add.
1043 2442 1076 2470 C.
1091 2458 1123 2462 -
1143 2443 1154 2458 ²
1167 2442 1358 2478 imaginatum
1379 2442 1411 2469 C.
1431 2458 1464 2462 —
1484 2442 1495 2458 ³
1507 2450 1585 2469 nunc
1604 2441 1636 2469 C.
1651 2457 1684 2461 —-
1698 2443 1708 2457 ⁴
1721 2450 1757 2468 ex
1775 2450 1853 2477 pane
1872 2441 1953 2469 facto
1970 2441 2039 2468 add.
2054 2441 2086 2469 C.
2100 2457 2135 2462 —

659 2488 670 2503 ⁸
681 2486 848 2514 huiusmodi
867 2487 898 2513 P.
918 2502 951 2506 —
972 2487 983 2502 ⁸
995 2490 1167 2521 praesentes
1181 2501 1214 2505 -
1228 2485 1446 2520 constitutione]
1461 2486 1625 2521 praesentis
1639 2485 1672 2512 C.
1686 2501 1720 2504 —
1735 2486 1744 2500 ⁷
1757 2489 1802 2512 est
1815 2485 1883 2512 aad.
1898 2484 1931 2512 C.
1949 2501 1984 2505 —
2003 2485 2015 2501 ⁰
2031 2493 2086 2512 om.
2100 2485 2135 2512 C.

658 2547 692 2551 —
706 2532 717 2547 ⁹
730 2530 835 2558 eodem
849 2530 882 2557 C.
898 2545 931 2549 —
948 2530 969 2546 ¹⁰
981 2538 1040 2556 ras.
1055 2529 1089 2563 S;
1102 2529 1172 2556 add.
1188 2535 1222 2555 21⁸
1239 2538 1278 2556 m.
1291 2529 1321 2556 S.
1335 2545 1369 2549 —
1385 2531 1404 2545 ¹¹
1417 2529 1541 2556 traditur
1554 2529 1587 2556 C.
1600 2545 1634 2549 —
1650 2529 1670 2545 ¹²
1684 2529 1822 2556 confecto
1835 2528 1868 2556 C.
1882 2545 1916 2549 -
1937 2529 1958 2546 ¹⁸
1970 2533 2093 2556 vocatur
2104 2528 2134 2556 S.

658 2594 693 2598 —
714 2580 734 2594 ¹⁴
748 2577 928 2605 conveniens
947 2578 1043 2612 huius]
1063 2576 1272 2604 inconveniens
1290 2577 1358 2604 huic
1376 2576 1448 2612 (sic)
1467 2576 1500 2604 C.
1519 2593 1554 2596 —
1575 2577 1596 2592 ¹⁵
1607 2572 1684 2612 ma}
1705 2576 1738 2604 C.

748 2680 788 2712 (1)
807 2677 867 2706 Cfr.
886 2687 936 2714 pp.
955 2679 1082 2706 255-257.
1110 2693 1135 2697 —
1155 2679 1195 2712 (2)
1216 2677 1277 2705 Cfr.
1297 2677 1405 2713 Quodl.
1425 2677 1476 2710 ΙΙΙ,
1495 2686 1523 2713 q.
1543 2679 1567 2704 7.
