2493 3458
672 422 723 445 ’ΞΟΠ
1035 420 1224 446 ΜΑΗΙΞἹἩΙ
1255 419 1474 446 G‹j)1)1-21³1x·11)1
1506 420 1555 446 DE
1586 418 1782 448 FONTIBUS

675 509 829 541 eiusdem
864 510 992 551 speciei
1027 510 1059 541 in
1093 509 1227 541 animae
1260 509 1490 552 separatione.
1525 509 1567 542 Et
1606 510 1695 542 sicut
1734 521 1804 542 non
1841 510 1903 542 fuit
1938 510 2146 544 miraculosa

675 568 736 599 sed
766 567 929 599 naturalis
956 567 1030 599 eius
1055 567 1240 610 conceptio
1266 573 1431 609 quantum
1457 568 1501 599 ad
1526 567 1690 600 unionem
1719 568 1855 600 animae
1883 579 1960 601 curn
1985 579 2144 611 corpore,

675 625 754 666 quia
789 626 954 667 corpori¹
983 625 1047 657 sibi
1077 625 1298 657 convenienti
1327 626 1520 657 secundum
1546 631 1701 657 naturam
1728 625 1921 665 uniebatur,
1950 626 2030 658 licet
2054 626 2144 659 illius

674 683 829 724 corporis
871 683 1028 714 formatio
1069 689 1102 715 et
1140 683 1324 725 dispositio
1365 683 1455 715 sacta
1495 683 1595 715 fuerit
1634 688 1735 715 antea
1767 683 1888 716 ordine
1921 689 2064 716 naturae
2099 685 2141 716 ab

674 747 799 781 agente
840 741 1101 782 supernaturali,
1128 741 1258 773 scilicet
1294 752 1313 772 a
1346 740 1474 783 Spiritu
1511 747 1633 773 sancto
1670 741 1984 783 supernaturaliter,
2017 761 2059 766 -
2099 741 2145 774 ita

675 798 807 830 videtur
832 799 924 839 quod
953 810 1044 830 mors
1070 798 1145 830 eius
1171 809 1240 830 non
1271 798 1371 830 suerit
1397 799 1603 831 miraculosa
1628 799 1690 831 sed
1716 799 1890 838 naturalis,
1908 805 2074 841 quantum
2100 800 2143 832 ad

673 856 927 898 separationem
954 856 1088 888 animae
1114 868 1133 888 a
1165 867 1322 898 corpore,
1351 862 1384 888 et
1415 866 1542 899 corpus
1576 867 1655 888 vere
1685 862 1717 888 et
1746 857 1945 889 naturaliter
1969 863 2141 890 mortuum

672 914 744 945 sive
778 914 809 945 in
840 914 1069 956 dispositione
1102 914 1247 946 naturali
1280 925 1382 956 quam
1412 920 1529 946 natum
1561 921 1613 946 est
1644 915 1772 946 habere
1801 915 2000 947 naturaliter
2016 925 2144 958 corpus

672 971 705 1003 in
746 971 965 1013 separatione
1005 972 1140 1004 animae
1180 973 1224 1003 ab
1265 972 1351 1014 ipso,
1385 972 1464 1004 licet
1496 972 1662 1014 deinceps
1699 979 1942 1004 conservatum
1977 973 2077 1005 fuerit
2109 973 2143 1005 in

672 1029 727 1061 illa
763 1029 992 1071 dispositione
1028 1029 1173 1061 naturali
1208 1029 1257 1061 sic
1297 1030 1360 1061 sibi
1402 1029 1602 1061 naturaliter
1634 1030 1667 1061 in
1700 1030 1756 1061 tali
1794 1030 2014 1072 separatione
2052 1041 2143 1063 com-

671 1087 811 1129 petenti,
840 1093 873 1119 et
906 1087 1109 1119 miraculose
1151 1088 1194 1119 al)
1227 1087 1320 1119 omni
1361 1087 1520 1119 ulteriore
1554 1087 1775 1129 corruptione
1809 1094 2031 1127 reservatum,
2065 1099 2143 1121 curn

670 1144 734 1176 iam
765 1151 856 1177 esset
893 1145 1036 1186 pretium
1072 1151 1211 1177 nostrae
1251 1145 1498 1187 redemptionis
1539 1156 1579 1176 ex
1619 1145 1842 1187 corruptione
1881 1157 1950 1187 qua
1984 1145 2098 1178 anima
2123 1157 2143 1178 a

670 1213 816 1244 corpore
852 1203 1078 1244 separabatur
1103 1203 1255 1245 plenarie
1281 1209 1570 1234 consummatum.
1597 1203 1698 1235 [Inde
1734 1203 1815 1235 dicit
1841 1203 2143 1245 1)amascenus(1)

669 1260 768 1292 tertio
809 1260 903 1298 libro,
933 1260 1084 1302 capitulo
1125 1260 1294 1301 vigesimo
1333 1260 1491 1302 septimo,
1532 1261 1626 1302 quod
1667 1261 1700 1292 in
1741 1271 1869 1303 graeco
1910 1261 2143 1304 corruptionis

669 1328 796 1350 nomen
834 1318 904 1349 duo
933 1318 1115 1361 significat.
1149 1318 1332 1359 Significat
1361 1318 1451 1350 enim
1482 1319 1652 1350 humanas
1681 1319 1744 1350 has
1773 1317 1969 1361 passiones,
2006 1319 2142 1359 famem,

669 1375 769 1414 sitim,
803 1376 966 1414 laborem,
996 1376 1172 1407 clavorum
1214 1375 1493 1417 perforationem,
1527 1382 1560 1407 et
1600 1382 1744 1408 mortem
1785 1376 1915 1409 scilicet
1955 1375 2091 1410 animae
2123 1388 2143 1409 a

669 1443 815 1475 corpore
846 1433 1111 1475 separationem,
1144 1439 1176 1465 et
1208 1444 1447 1475 quamcumque
1481 1433 1570 1471 talia,
1609 1440 1641 1465 et
1673 1434 1866 1466 secundum
1914 1435 2004 1467 hanc
2039 1434 2143 1478 signi-

669 1491 866 1523 ficationem
914 1491 1137 1533 corruptibile
1188 1491 1341 1523 divinum
1396 1501 1524 1533 corpus
1573 1491 1702 1523 aimus:
1750 1491 1867 1524 onmia
1915 1492 2006 1524 enim
2054 1493 2142 1525 haec

669 1548 861 1580 voluntarie
901 1548 1097 1590 assumpsit.
1135 1548 1316 1590 Significat
1356 1549 1457 1580 etiam
1492 1549 1668 1591 corruptio
1709 1549 1741 1581 in
1781 1560 1911 1591 graeco
1951 1550 2140 1592 perfectam

668 1606 823 1648 corporis
861 1606 893 1638 in
927 1618 966 1638 ca
1007 1617 1048 1638 ex
1088 1606 1214 1648 quilius
1247 1606 1477 1648 compositum
1511 1613 1562 1639 est
1597 1607 1768 1639 elementa
1808 1607 2071 1640 dissolutionem
2108 1614 2142 1641 et

668 1664 947 1697 destructionem.
982 1664 1189 1696 Huiusmodi
1227 1664 1498 1706 experimentum
1543 1676 1672 1707 corpus
1708 1664 1861 1696 divinum
1906 1676 1976 1697 non
2009 1665 2140 1705 habuit,

667 1728 703 1754 ut
732 1722 777 1754 ait
807 1723 978 1764 Propheta
997 1725 1064 1762 (2jz
1103 1722 1267 1764 quoniam
1294 1733 1363 1753 non
1397 1722 1496 1754 dabis
1528 1729 1687 1754 sanctum
1720 1729 1815 1754 tuum
1852 1722 1968 1756 videre
2001 1734 2140 1766 corrup-

667 1780 805 1812 tionem.
845 1780 945 1812 L'nde
979 1780 1060 1812 illud
1101 1780 1229 1812 dictum
1269 1781 1473 1822 Prophetae,
1522 1786 1623 1822 prout
1670 1780 1770 1813 etiam
1822 1791 1926 1823 supra
1973 1792 2139 1824 expresse

667 1838 819 1880 exponit,
852 1837 953 1870 etiam
988 1849 1007 1869 a
1041 1838 1262 1870 Damasceno
1288 1838 1456 1880 accipitur
1491 1839 1534 1870 de
1567 1839 1632 1869 liac
1665 1838 1782 1870 ultima
1814 1838 2037 1881 corruptione
2078 1849 2140 1882 per

666 1895 964 1937 putrefactionem.
985 1896 1026 1927 Et
1051 1895 1272 1937 Augustinus
1291 1898 1336 1931 (3,
1366 1896 1447 1927 dicit
1474 1902 1593 1927 contra
1626 1895 1855 1928 Felicianum:
1885 1897 1991 1929 credo
2018 1896 2139 1929 Filium

668 1953 730 1985 Dei
771 1960 942 1985 mortuum
984 1954 1175 1986 secundum
1217 1954 1329 1993 legem
1370 1960 1512 1985 naturae
1557 1964 1658 1995 quam
1707 1965 1769 1996 pro
1809 1954 1950 1986 humani
1998 1954 2139 1997 generis

665 2011 903 2053 redemptione
944 2011 1106 2053 suscepit.
1141 2011 1232 2043 Satis
1265 2022 1428 2053 expresse
1465 2022 1549 2053 ergo
1582 2012 1728 2043 liabetur
1761 2022 1802 2043 ex
1838 2011 1891 2043 his
1923 2012 2018 2053 quod
2050 2011 2140 2045 sicut

665 2069 855 2101 voluntarie
873 2069 1034 2100 sustinuit
1052 2069 1086 2100 in
1106 2069 1172 2100 vita
1191 2069 1449 2110 corruptionem
1480 2069 1673 2101 secundum
1693 2070 1755 2100 lias
1781 2068 1974 2111 passiones,
2001 2069 2137 2109 samem,

665 2126 753 2158 sitim
780 2133 813 2158 et
846 2127 1054 2165 huiusmodi,
1086 2126 1166 2168 quia
1198 2126 1284 2158 istae
1317 2133 1396 2158 sunt
1430 2126 1603 2158 naturales
1642 2126 1713 2157 sive
1748 2126 1946 2158 naturaliter
1981 2133 2138 2159 naturam

664 2195 766 2225 quam
804 2184 989 2226 assumpsit
1022 2191 1290 2226 consequentes,
1325 2184 1369 2215 ita
1395 2184 1494 2216 etiam
1529 2184 1562 2216 in
1596 2190 1704 2216 morte
1745 2184 1936 2217 voluntarie
1975 2184 2139 2217 sustinuit

663 2242 919 2284 corruptionem
953 2253 1042 2284 quae
1079 2242 1235 2274 consistit
1275 2242 1307 2273 in
1345 2242 1565 2284 separatione
1597 2242 1732 2274 animae
1773 2253 1792 2274 a
1832 2253 1989 2284 corpore,
2029 2242 2064 2274 in
2096 2253 2137 2275 ea

663 2300 891 2342 dispositione
932 2306 1132 2332 remanente
1171 2311 1273 2341 quam
1314 2299 1514 2331 naturaliter
1545 2306 1662 2331 natum
1703 2306 1755 2332 est
1783 2300 1921 2339 habere,
1955 2300 2007 2332 vel
2047 2310 2137 2342 quae

664 2358 861 2389 naturaliter
892 2358 1118 2399 consequitur
1150 2357 1285 2389 animae
1311 2358 1354 2388 ali
1388 2357 1463 2399 ipso
1495 2357 1762 2399 separatismem,
1790 2357 1869 2398 quia
1898 2364 1932 2390 et
1957 2359 2025 2390 hoc
2050 2357 2137 2390 inter

664 2416 841 2453 naturalia,
871 2427 969 2457 quae,
1002 2422 1035 2446 ut
1068 2415 1149 2446 dicit
1175 2415 1264 2447 idem
1294 2415 1543 2453 Damascenus‚
1570 2414 1686 2446 omnia
1720 2415 1910 2447 voluntarie
1936 2415 2136 2457 assumpsit,

663 2479 870 2506 numeratur.

753 2585 758 2599 ¹
774 2593 896 2618 corpore
918 2584 949 2609 V.

751 2675 788 2701 ili
810 2673 976 2699 Iohannis
997 2673 1206 2699 Damasceni
1224 2672 1336 2707 Defide
1355 2673 1514 2698 orthodoxa
1529 2673 1545 2698 l.
1561 2672 1610 2703 111,
1625 2681 1648 2698 c.
1669 2673 1703 2698 28
1721 2672 1765 2703 (P.
1781 2671 1826 2705 G.‚
1841 2672 1898 2698 vol.
1911 2673 1954 2705 94,
1969 2672 2024 2698 col.
2045 2673 2133 2706 1099).

661 2733 693 2736 —-
713 2713 752 2751 (2)
773 2717 818 2743 Ps.
839 2717 899 2750 XV,
920 2726 945 2743 v.
969 2719 1006 2743 10.
1029 2733 1058 2735 —
1080 2719 1119 2750 ‹5¹3›
1140 2715 1198 2742 (tr.
1219 2725 1245 2752 p.
1270 2718 1326 2747 131,
1346 2725 1371 2742 n.
1394 2718 1440 2745 11».
