2493 3458
462 582 527 608 cod.
542 585 564 610 Ρ

426 617 477 643 sol.
494 619 596 645 15⁰1<h

463 949 527 975 cod.
542 948 564 975 ('

435 983 533 1010 solstiti
549 985 588 1009 Vl*

459 1396 523 1422 cod.
538 1396 558 1422 S

435 1431 484 1457 fol.
499 1433 531 1458 51
548 1432 587 1458 1<b

621 451 674 474 :340
987 449 1176 477 MAGlS'sRl
1207 450 1425 477 GODEFRlDl
1457 451 1508 478 Dii
1538 452 1735 480 FONTlBUS

621 537 658 564 ad
689 537 812 564 salutem
843 537 949 564 debeat
982 542 1118 573 reputare
1150 538 1308 573 litigiosam
1339 543 1369 566 et
1400 539 1586 566 inducentem
1617 540 1787 568 scandalum
1819 546 1848 568 et
1879 542 1918 568 ob
1949 542 2005 570 hoc
2036 551 2094 570 non

621 585 743 620 recipiat
762 594 835 612 eam.
863 601 895 604 —
921 585 1089 612 Secundum
1115 590 1178 612 erat
1203 590 1297 613 utrum
1325 586 1481 614 examinati
1507 592 1536 614 et
1564 588 1720 623 approbati
1746 597 1762 614 a
1789 589 1877 616 certis
1901 599 1954 625 per
1983 592 1987 623 Ι
2015 591 2095 617 sonis

620 633 785 659 habentes'
814 642 850 659 ex
877 633 1031 668 privilegio
1057 637 1234 668 potestatem
1262 633 1451 669 praedicandi
1477 639 1545 670 post
1577 636 1664 662 talem
1691 636 1934 671 approbationem
1967 637 2094 665 debeant

619 681 655 706 ab
687 680 841 706 ordinariis
870 680 960 715 recipi
993 681 1029 707 ad
1055 680 1284 716 praedicandum
1310 681 1364 708 nisi
1385 681 1512 709 doceant
1537 691 1569 709 se
1594 683 1661 710 sic'
1689 683 1878 710 examinatos.
1903 700 1935 704 —
1963 685 2093 712 Tertium

618 731 680 754 erat
700 732 794 754 utrum
817 727 855 754 illi
877 728 982 762 quibus
997 729 1007 743 ²¹
1027 729 1186 755 commissa
1200 730 1209 744 ⁴
1229 733 1273 755 est
1293 737 1309 755 a
1330 729 1449 756 domino
1473 739 1549 765 papa
1573 735 1706 766 potestas
1729 731 1866 758 audiendi
1887 732 2091 760 confessiones

617 775 671 801 sub
698 775 754 801 hoc
781 774 890 801 forma:
919 775 1022 802 damus
1049 775 1133 802 vobis
1168 780 1344 811 potestatem
1377 777 1549 804 absolvendi
1575 778 1727 804 venientes
1753 778 1790 805 ad
1822 788 1876 806 vos
1907 779 1944 806 de
1977 780 2094 808 licentia

618 822 811 857 praelatorum
844 823 881 848 ab
913 823 1047 849 omnibus
1079 823 1210 858 peccatis
1241 832 1294 859 pro
1327 824 1432 859 quibus
1464 834 1521 851 non
1554 830 1632 852 esset
1663 825 1767 852 merito
1804 826 1891 853 sedes
1929 828 2093 862 apostolica

618 870 800 904 requirenda,
821 886 852 890 —-
874 874 978 902 utrum,
999 870 1125 906 inquam,
1148 871 1221 897 tales
1248 872 1360 906 possint
1375 873 1385 887 ³
1404 872 1558 899 absolvere
1585 882 1600 899 a
1627 873 1744 900 casibus
1767 874 1888 901 retentis
1907 875 2057 911 episcopis
2077 885 2092 902 a

618 918 679 943 iure
699 918 745 944 vel
766 917 978 944 consuetudine
999 917 1097 944 habita
1118 918 1234 945 licentia
1255 927 1270 944 a
1291 919 1495 946 sacerdotibus
1514 920 1740 955 parochialibus.

721 968 723 999 Ι
750 965 796 992 Ad
816 965 938 1000 primum
960 965 1001 991 sic
1022 965 1198 1001 proceditur,
1218 971 1247 993 et
1267 967 1396 1001 arguitur
1415 967 1493 1002 quod
1514 968 1580 994 talis
1599 968 1732 1003 quaestio
1759 978 1816 996 non
1837 969 1926 996 debet
1946 970 2091 1006 repudiari

617 1013 703 1039 immo
727 1012 826 1048 recipi,
853 1013 919 1048 quia
941 1013 1080 1048 magister
1103 1013 1131 1040 in
1157 1014 1308 1048 theologia
1334 1014 1422 1041 debet
1448 1014 1643 1042 determinare
1663 1016 1816 1043 veritatem
1837 1018 2033 1045 necessariam
2053 1019 2090 1046 ad

615 1060 747 1086 salutem.
767 1060 826 1086 Sed
847 1060 955 1086 veritas
975 1060 1071 1087 dictae
1091 1061 1272 1096 quaestionis
1293 1062 1410 1097 ponitur
1429 1062 1603 1089 huiusmodi.
1625 1064 1701 1098 Ergo
1721 1068 1751 1090 et
1771 1069 1877 1091 cetera.

705 1108 822 1134 Contra.
855 1107 936 1134 Scire
969 1108 1120 1135 veritatem
1160 1108 1340 1143 quaestionis
1372 1113 1468 1136 motae
1501 1109 1537 1136 de
1569 1111 1724 1146 privilegio
1763 1111 1882 1138 fratrum
1915 1117 1959 1139 est
1990 1122 2091 1140 neces-

615 1156 721 1182 sarium
736 1156 746 1170 ⁰
775 1155 811 1182 ad
831 1155 964 1187 salutem,
984 1160 1013 1182 et
1033 1160 1129 1182 tamen
1158 1160 1308 1191 reputatur
1328 1157 1364 1182 ab
1386 1156 1531 1191 aliquibus
1552 1157 1679 1191 litigiosa
1699 1163 1728 1185 et
1748 1168 1893 1193 generans
1913 1160 2090 1188 scandalum.

619 1204 693 1238 Ergo
715 1207 743 1229 et
763 1207 869 1229 cetera.

704 1250 889 1286 Respondeo.
911 1250 957 1276 Ad
983 1250 1160 1277 evidentiam
1188 1251 1293 1277 istius⁷
1322 1251 1502 1286 quaestionis
1522 1253 1616 1288 primo
1643 1253 1794 1281 sciendum
1821 1259 1865 1281 est
1881 1256 1890 1270 '⁵
1919 1255 1997 1291 quod
2023 1256 2091 1283 licet

615 1299 650 1325 ad
678 1307 733 1324 non
760 1298 916 1325 dicendum
944 1298 1101 1325 falsitatem
1128 1299 1249 1334 quilibet
1276 1304 1409 1326 teneatur
1435 1309 1552 1336 semper
1577 1305 1605 1327 et
1632 1301 1669 1327 ad
1694 1310 1819 1337 semper,
1845 1303 1912 1337 quia
1938 1308 1983 1330 est
2008 1312 2091 1339 prae-

616 1351 732 1381 ceptum
768 1346 946 1381 negativum,
981 1351 1078 1373 tamen
1101 1348 1112 1362 ⁹
1148 1356 1206 1373 non
1236 1351 1350 1373 tenetur
1379 1348 1477 1374 dicere
1510 1348 1661 1375 veritatem
1688 1358 1804 1384 semper
1839 1355 1867 1376 et
1902 1350 1938 1377 ad
1966 1360 2091 1387 semper,

616 1394 683 1428 quia
709 1394 764 1420 hoc
791 1399 835 1420 est
862 1399 1052 1429 pracceptum
1080 1394 1285 1420 affirmativum
1312 1395 1390 1430 quod
1420 1396 1532 1430 obligat
1561 1399 1563 1428 1
1593 1406 1710 1432 semper
1735 1397 1787 1423 sed
1816 1406 1873 1424 non
1900 1398 1936 1424 ad
1965 1407 2090 1436 semper,

615 1441 666 1468 sed
693 1450 745 1476 pro
772 1442 837 1467 loco
863 1446 892 1468 et
918 1446 1059 1477 tempore.
1086 1442 1223 1468 Secundo
1249 1442 1400 1469 sciendum
1427 1448 1472 1469 est
1497 1444 1576 1478 quod
1603 1444 1700 1478 aliqua
1727 1445 1860 1479 quaestio
1893 1450 1991 1480 potest
2024 1455 2090 1473 esse

614 1489 741 1523 litigiosa
761 1489 924 1524 dupliciter.
946 1490 1010 1515 L'no
1034 1489 1122 1515 modo
1145 1498 1197 1524 per
1219 1499 1250 1516 se
1274 1495 1302 1516 et
1326 1499 1360 1516 ex
1385 1495 1467 1525 parte
1487 1500 1548 1523 sua,
1566 1492 1639 1518 sicut
1654 1497 1721 1518 sunt
1738 1493 1757 1507 ¹⁰
1776 1493 1882 1519 stultae
1903 1494 2090 1529 quaestiones

615 1537 642 1562 in
670 1537 774 1572 quibus
801 1546 856 1563 non
883 1542 927 1563 est
953 1537 1103 1572 profectus
1128 1537 1269 1564 scientiae
1296 1538 1342 1564 vel
1366 1538 1515 1573 agibilium
1543 1540 1588 1566 vel
1612 1540 1845 1574 speculabilium,
1865 1546 1895 1567 et
1919 1541 1956 1568 de
1983 1542 2090 1569 talibus

614 1584 836 1618 quaestionibus
862 1584 967 1611 dicitur
992 1585 1121 1611 secunda
1141 1585 1183 1611 ad
1201 1585 1385 1612 Timotheum
1402 1588 1449 1618 (1),
1478 1587 1618 1618 secundo,
1644 1588 1723 1622 quod
1749 1588 1823 1614 tales
1848 1594 1989 1623 generant
2015 1589 2089 1622 lites,

613 1637 642 1658 et
661 1632 702 1658 nd
724 1632 909 1658 Timotheum
925 1634 973 1664 (2),
1001 1633 1128 1658 sectmdo
1146 1634 1183 1658 ¹¹:
1207 1633 1311 1659 stultas
1344 1634 1532 1668 quaestiones
1557 1634 1664 1661 dex-ita.
1691 1635 1758 1661 Alio
1785 1636 1873 1662 modo
1899 1642 1998 1671 potest
2023 1646 2090 1664 esse

613 1679 746 1714 quaestio
772 1679 898 1713 litigiosa
923 1689 980 1706 non
1004 1689 1056 1715 per
1081 1689 1113 1706 se
1133 1686 1162 1706 et
1179 1681 1198 1696 ¹²
1217 1690 1252 1707 ex
1279 1686 1361 1716 parte
1386 1682 1428 1707 sui
1452 1682 1504 1708 sed
1535 1691 1586 1717 per
1608 1683 1805 1715 occasionem,
1828 1689 1949 1719 propter
1977 1684 2089 1712 scilicet

613 1727 726 1761 aliquos
746 1727 981 1754 contradicentes
1003 1727 1116 1754 veritati
1138 1728 1220 1754 cuius
1240 1728 1372 1754 veritatis
1392 1729 1591 1756 manifestatio
1611 1731 1657 1756 vel
1681 1731 1797 1757 tolleret
1818 1731 1861 1757 eis
1881 1732 1990 1767 aliquid
2010 1732 2089 1767 quod

613 1775 752 1801 affectant
772 1775 818 1801 vel
839 1775 991 1809 detegeret
1011 1775 1100 1802 vitam
1122 1783 1230 1802 eorum.
1258 1776 1292 1802 Et
1315 1776 1424 1802 utinam
1452 1777 1530 1812 quod
1557 1786 1613 1804 non
1640 1778 1678 1804 sit
1704 1779 1823 1813 impleta
1844 1779 1931 1806 hodie
1950 1779 1998 1806 illa
2022 1789 2088 1816 pro-

613 1822 711 1857 phetia
736 1823 898 1858 prophetae
932 1823 1030 1854 nostri,
1063 1823 1175 1850 scilicet
1207 1813 1334 1858 apo-stoli
1367 1824 1447 1851 Pauli
1463 1827 1502 1857 (3›
1532 1834 1588 1860 qua
1618 1825 1743 1852 dicitur:
1776 1835 1791 1852 a
1819 1827 1941 1853 veritate
1971 1827 2087 1862 quidem

612 1870 741 1896 auditum
763 1875 893 1896 avertent
907 1871 934 1903 ¹³,
955 1870 991 1897 ad
1012 1870 1127 1897 fabulas
1147 1875 1243 1897 autem
1268 1876 1476 1898 convertentur
1489 1877 1518 1898 et
1532 1872 1569 1899 ad
1587 1875 1604 1888 ¹¹
1625 1882 1676 1899 sua
1697 1873 1844 1900 desideria
1865 1875 1914 1909 [et]
1931 1876 1951 1890 ¹⁵
1970 1883 2088 1902 coacer-

612 1918 722 1943 vabunt
744 1918 798 1944 sibi
829 1918 985 1952 magistros
1014 1918 1178 1953 prurientes
1207 1919 1324 1945 auribus
1348 1920 1481 1946 volentes
1504 1920 1604 1947 audire
1627 1930 1662 1947 ea
1688 1930 1763 1956 quae
1787 1921 1956 1949 desiderant
1978 1927 2007 1949 et
2029 1932 2087 1950 non

611 1965 676 1991 alia.
697 1965 732 1991 Et
749 1966 768 1980 ¹¹³
791 1966 858 1991 talis
878 1966 1013 2000 quaestio
1033 1975 1090 1992 non
1111 1966 1199 1992 debet
1220 1966 1341 1993 iudicari
1362 1967 1489 2002 litigiosa
1509 1977 1544 1994 ex
1564 1973 1667 1994 natura
1687 1969 1728 1995 rei
1749 1974 1777 1995 et
1797 1978 1850 2004 per
1868 1978 1908 1996 se.

700 2013 747 2039 Ad
773 2013 974 2048 quaestionem
1001 2022 1072 2047 ergo
1094 2014 1250 2040 (licendum
1277 2014 1355 2049 quod
1379 2016 1513 2049 quaestio
1537 2016 1618 2042 cuius
1641 2017 1771 2051 cognitio
1795 2022 1839 2044 est
1859 2019 2026 2044 necessaria
2050 2019 2087 2045 ad

610 2060 743 2093 salutem,
775 2070 833 2087 non
859 2065 903 2087 est
929 2061 1022 2096 primo
1054 2061 1142 2087 modo
1174 2061 1311 2096 litigiosa,
1343 2068 1372 2088 et
1403 2063 1471 2089 ideo
1503 2063 1643 2097 magister
1674 2064 1702 2090 in
1735 2065 1884 2100 theologia
1917 2065 1966 2100 qui
1998 2066 2086 2093 talem

611 2108 812 2142 quaestionem
839 2112 987 2143 reputaret
1012 2109 1106 2143 primo
1132 2109 1220 2135 modo
1247 2110 1405 2143 litigiosam
1432 2115 1461 2136 et
1481 2116 1601 2146 propter
1620 2112 1675 2138 hoc
1695 2121 1752 2138 non
1779 2112 1988 2148 recipiendam,
2008 2118 2087 2140 esset

610 2156 708 2182 fatuus
734 2156 882 2191 magister.
909 2156 969 2194 Sed
994 2157 1069 2182 bene
1095 2157 1162 2183 talis
1185 2158 1319 2192 quaestio
1345 2162 1443 2192 potest
1466 2167 1531 2185 esse
1553 2159 1683 2186 secundo
1705 2160 1793 2186 modo
1813 2160 1942 2195 litigiosa
1966 2165 2087 2196 propter

611 2203 724 2238 aliquos
755 2203 992 2230 contradicentes
1023 2204 1148 2236 veritati,
1179 2209 1208 2231 et
1239 2209 1307 2231 tunc
1340 2205 1578 2241 distinguendum
1609 2211 1662 2233 est.
1695 2207 1771 2242 Quia
1805 2212 1854 2234 aut
1879 2209 1988 2235 veritas
2019 2209 2086 2236 talis

609 2250 791 2285 quaestionis
817 2255 862 2277 est
887 2250 1067 2278 sufficienter
1092 2251 1247 2278 manifesta
1277 2257 1305 2279 et
1331 2261 1433 2288 parum
1458 2253 1616 2288 proficeret
1642 2254 1751 2281 dictum
1783 2255 1924 2291 magistri,
1956 2260 1986 2283 et
2016 2261 2085 2283 tunc

609 2298 634 2325 si
664 2306 724 2324 non
754 2298 859 2333 recipit
885 2307 948 2325 eam
978 2303 1009 2325 ut
1038 2299 1171 2325 intendat
1197 2300 1275 2327 circa
1300 2301 1394 2335 magis
1426 2301 1515 2334 utilia,
1546 2310 1605 2328 non
1636 2302 1712 2329 male
1738 2294 1816 2330 f'acit.
1843 2303 1874 2330 Si
1901 2307 1997 2330 autem
2023 2304 2086 2331 eius

609 2346 718 2372 veritas
743 2355 803 2372 non
829 2350 874 2373 est
899 2345 1080 2373 sufficienter
1105 2347 1269 2381 manifesta,
1295 2353 1364 2375 tunc
1389 2353 1510 2384 propter
1535 2349 1707 2376 scandalum
1739 2351 2002 2378 contradicentium
2027 2360 2085 2379 non

695 2480 702 2494 ¹
716 2479 891 2505 habentibus
911 2479 942 2505 P.
970 2496 1003 2499 —
1031 2480 1041 2495 2
1054 2488 1119 2506 esse
1140 2479 1172 2506 C.
1202 2496 1235 2499 —-
1264 2481 1274 2495 ⁸
1287 2480 1334 2507 cui
1354 2481 1408 2507 SP.
1438 2498 1470 2501 -
1501 2484 1509 2497 ¹
1524 2482 1711 2509 commissum
1731 2483 1811 2510 SPC.
1832 2499 1864 2503 -—
1890 2485 2031 2519 ⁵possent
2051 2484 2084 2511 C.

609 2538 642 2541 —
662 2523 852 2549 ¹³necessaria
873 2523 905 2549 C.
926 2539 958 2542 —
981 2524 989 2538 ⁷
1002 2523 1086 2549 huius
1107 2523 1139 2550 C.
1160 2539 1193 2543 —
1213 2524 1291 2550 εὀνη.
1312 2524 1344 2551 C.
1365 2540 1398 2544 —-
1428 2526 1507 2551 ⁹om.
1527 2525 1565 2557 S;
1584 2526 1654 2552 add.
1673 2533 1708 2552 211
1726 2535 1764 2552 m.
1783 2527 1812 2553 S.
1833 2543 1867 2546 —
1889 2528 1909 2543 ¹⁰
1921 2536 1976 2554 om.
1998 2527 2030 2555 C.
2050 2544 2084 2547 —

611 2567 630 2581 ¹¹
653 2566 739 2592 tertio
759 2566 839 2592 SPC.
861 2582 893 2585 —
917 2566 937 2581 ¹²
959 2570 1008 2592 aut
1029 2566 1061 2593 C.
1082 2582 1114 2586 ——
1137 2567 1157 2582 ¹³
1179 2572 1313 2594 avertere
1335 2568 1401 2600 SP;
1420 2573 1554 2595 avertant
1576 2568 1608 2596 C.
1628 2585 1662 2589 —
1688 2571 1706 2585 ¹⁴
1729 2579 1746 2596 a
1766 2570 1799 2597 C.
1820 2586 1852 2590 —-
1877 2571 1898 2587 ¹⁵
1919 2579 1974 2598 om.
1995 2571 2027 2598 C.
2050 2587 2083 2591 -

611 2610 631 2624 ¹⁰
644 2618 698 2636 om.
720 2610 752 2636 C.

697 2698 734 2731 (1)
757 2697 816 2724 Cfr.
835 2706 863 2733 p.
883 2699 943 2731 275,
962 2707 989 2724 n.
1010 2700 1058 2731 (2).
1073 2714 1106 2717 —
1126 2700 1164 2733 (2)
1185 2699 1212 2725 11
1231 2699 1304 2726 Tim.
1318 2700 1355 2732 11,
1374 2701 1417 2727 23.
1438 2699 1498 2727 cfr.
1512 2709 1539 2736 p.
1553 2702 1614 2734 275,
1628 2710 1655 2728 n.
1670 2703 1718 2735 (4).
1740 2717 1773 2721 -
1787 2703 1826 2735 (3)
1847 2703 1874 2729 11
1898 2703 1972 2729 Tim.
1991 2703 2083 2736 1v‚4.

606 2740 669 2767 Cfr.
688 2750 716 2776 p.
735 2743 796 2773 275,
815 2750 842 2768 n.
863 2743 911 2775 (5).
