2493 3458
726 428 939 454 SECUNDUM
972 428 1266 461 QUODLIBETUM,
1297 428 1331 462 Q
1359 428 1384 453 11
1757 431 1789 454 55

325 519 515 550 secundum
545 528 592 555 se,
625 537 653 539 ⁴-
692 517 771 548 ideo
807 517 941 548 videtur
974 517 1143 558 aliquibus
1182 518 1275 558 quod
1311 528 1391 548 vera
1430 517 1579 548 essentia
1613 523 1788 549 creaturae

325 576 439 617 aliquo
464 576 568 606 modo
601 580 714 616 potest
743 574 809 605 dici
841 574 1040 606 indifferens
1070 575 1112 605 ad
1143 586 1219 606 esse
1255 580 1287 605 et
1321 575 1363 605 ad
1403 585 1472 605 0011
1509 585 1595 612 esse,
1635 581 1666 605 et
1695 576 1788 615 quod

325 644 359 665 10
385 639 545 674 corrupta
574 639 737 673 quantum
769 632 810 662 ad
830 631 903 663 eius
933 642 1009 663 esse
1039 632 1240 663 existentiae
1269 642 1339 663 non
1369 631 1598 673 corrumpitur
1623 639 1786 672 quantum

325 691 368 721 ad
394 690 466 722 eius
496 700 573 721 esse
603 689 783 725 essentiae,
803 689 890 720 sicut
916 700 985 720 non
1012 689 1240 730 corrumpitur
1269 689 1412 720 scientia
1438 690 1489 720 vel
1521 689 1673 731 cognitio
1700 701 1787 730 quae

325 749 471 779 habetur
496 748 538 779 de
564 747 648 788 11153.

414 805 454 836 Et
482 806 549 836 1100
578 805 731 836 111ῖ1111ῖ111
766 804 815 835 sic
846 805 1020 835 declarare
1045 816 1050 834 :
1081 815 1158 835 cum
1192 804 1281 835 enim
1312 810 1467 835 creatura
1497 810 1715 845 comparetur
1745 805 1786 835 ad

326 863 466 894 Deum¹
494 863 687 894 secundum
716 862 842 902 duplex
871 872 983 902 genus
1012 872 1139 893 causae
1169 863 1211 892 ad
1241 872 1416 902 praesens,
1443 862 1572 893 scilicet
1598 862 1788 893 secundum

325 931 435 961 genus
459 931 584 951 causae
614 919 765 950 formalis
795 919 999 960 exemplaris
1029 919 1061 950 in
1092 925 1256 959 quantum
1284 925 1334 950 θ5ῖ
1360 930 1591 961 cognoscens,
1611 926 1643 951 et
1668 930 1790 950 5001111-

325 979 405 1009 dum
435 989 546 1019 genus
576 988 703 1008 causae
736 976 914 1008 efficientis
943 977 976 1007 in
1006 982 1169 1017 quantum
1201 982 1252 1008 est
1282 977 1402 1008 volens
1433 977 1483 1007 vel
1515 977 1547 1007 in
1577 977 1701 1008 effectu
1731 988 1791 1018 per

325 1036 537 1067 voluntatem
566 1035 759 1076 producere
789 1043 912 1075 potens
950 1040 982 1065 et
1010 1034 1196 1075 aliquando
1233 1035 1442 1075 producens,
1479 1040 1634 1065 creatura
1664 1034 1790 1075 aliquid

327 1094 430 1124 1131)οῖ
458 1093 510 1123 vel
540 1091 766 1132 consequitur
794 1102 813 1122 a
842 1092 917 1123 Deo
947 1103 989 1123 ex
1017 1093 1082 1122 hac
1112 1091 1238 1133 duplici
1278 1091 1487 1123 causalitate.
1518 1092 1619 1123 Unde
1653 1092 1695 1123 ad
1729 1093 1791 1123 has

326 1150 476 1181 rationes
515 1149 723 1181 causalitatis
762 1154 982 1190 comparatur
1021 1156 1176 1180 creatura
1214 1149 1406 1180 secundum
1443 1149 1556 1190 aliqua
1590 1149 1724 1180 diversa
1757 1149 1789 1180 in

325 1208 401 1249 ipsa
429 1207 543 1248 aliquo
573 1208 688 1244 modo,
707 1207 751 1238 ita
781 1207 874 1247 quod
905 1212 1059 1238 creatura
1089 1213 1141 1238 est
1162 1206 1195 1237 id
1216 1206 1226 1222 ²
1254 1207 1347 1247 quod
1378 1212 1429 1238 est
1454 1206 1581 1247 aliquid
1607 1207 1649 1237 ad
1676 1218 1712 1238 se
1730 1218 1792 1248 per

326 1265 509 1308 essentiam
545 1264 688 1303 realiter,
718 1264 790 1295 sive
823 1275 903 1295 vera
935 1275 989 1295 res
1026 1264 1358 1305 praedicamentalis,
1387 1275 1428 1295 ex
1462 1265 1529 1295 1100
1563 1265 1656 1305 quod
1688 1265 1792 1295 habet

326 1323 491 1354 rationem
533 1323 709 1353 formalem
744 1322 973 1363 exemplarem
1012 1321 1084 1353 sive
1122 1321 1267 1353 idealem
1306 1322 1339 1352 in
1378 1322 1464 1353 Deo.
1503 1322 1668 1353 Creatura
1702 1322 1790 1353 enim

326 1391 402 1412 cum
436 1381 628 1411 secundum
651 1379 662 1395 ³

691 1390 728 1411 se
757 1379 798 1410 sit
827 1379 859 1410 id
888 1380 980 1420 quod
1010 1385 1061 1411 est
1090 1379 1217 1420 aliquid
1243 1380 1285 1410 ad
1311 1390 1347 1411 se
1377 1379 1485 1421 ipsam
1511 1390 1572 1420 per
1597 1380 1792 1414 essentiam,

327 1449 394 1469 non
424 1444 536 1479 potest
555 1437 566 1453 ⁴¹
595 1448 665 1468 non
690 1443 803 1468 autem
831 1448 908 1468 0550
932 1437 965 1468 id
993 1437 1087 1478 quod
1112 1443 1163 1468 est
1188 1437 1230 1468 ad
1256 1437 1406 1478 seipsam
1432 1448 1493 1478 per
1517 1437 1701 1468 essentiam
1728 1437 1791 1468 nisi

327 1496 369 1526 ab
397 1495 474 1531 3110,
504 1506 573 1526 000
610 1500 720 1526 autem
756 1494 820 1525 nisi
857 1506 876 1525 a
915 1495 1000 1533 Deo,
1030 1505 1099 1525 11011
1137 1494 1275 1535 quidem
1305 1495 1495 1526 secundum
1524 1506 1636 1537 genus
1665 1505 1792 1526 causae

327 1553 506 1584 efficientis
543 1552 636 1593 quod
673 1551 811 1593 respicit
846 1562 958 1583 rerum
996 1551 1218 1584 existentias:
1257 1563 1362 1592 quare
1399 1558 1535 1593 oportet
1571 1553 1662 1593 quod
1696 1552 1791 1584 110οῑ

327 1610 369 1641 sit
409 1610 599 1641 secundum
640 1620 752 1651 genus
801 1620 928 1640 0311530
972 1609 1124 1640 formalis
1169 1609 1373 1650 exemplaris
1413 1615 1554 1647 tantum,
1600 1610 1789 1641 secundum

326 1667 476 1699 rationes
505 1667 634 1698 ideales
664 1678 752 1708 quae
788 1666 975 1707 respiciunt
1009 1667 1102 1708 ipsas
1136 1677 1247 1698 rerum
1285 1667 1452 1698 essentias
1468 1667 1487 1698 ὃ.
1518 1667 1559 1698 Et
1587 1668 1655 1698 hoc
1687 1668 1791 1698 modo

326 1725 442 1756 divina
478 1724 621 1756 scientia
654 1725 705 1755 vel
740 1724 895 1766 cognitio
932 1735 972 1755 ex
1009 1735 1046 1755 se
1081 1724 1153 1755 sola
1190 1730 1242 1755 est
1277 1735 1383 1756 causa
1415 1735 1526 1756 rerum
1567 1736 1637 1756 non
1678 1725 1791 1765 quoad

326 1793 440 1814 earum
472 1782 680 1820 existentias,
706 1782 767 1813 sed
801 1782 915 1822 quoad
949 1792 1064 1813 earum
1099 1781 1294 1819 essentiam,
1321 1782 1523 1823 inquantum
1557 1782 1687 1814 scilicet
1719 1782 1793 1823 ipsa

1456 1841 1467 1855 ὅ

325 1846 481 1872 creatura
499 1846 550 1871 est
575 1839 656 1870 illud
677 1839 687 1855 ⁷
716 1840 808 1880 quod
835 1846 885 1870 est
911 1850 972 1880 per
997 1839 1181 1871 essentiam
1207 1839 1239 1870 in
1267 1850 1343 1871 esse
1373 1850 1436 1870 5110
1484 1840 1710 1880 quidditativo
1733 1850 1794 1881 per

326 1897 476 1929 divinam
509 1897 687 1929 scientiam
717 1897 911 1928 constituta.
932 1897 973 1928 Et
998 1897 1292 1938 praesupponitur
1317 1897 1370 1928 illa
1396 1897 1580 1928 causalitas
1605 1898 1647 1928 ad
1674 1908 1792 1929 causa-

325 1956 451 1987 litatem
481 1955 673 1986 secundum
703 1965 815 1996 genus
845 1965 972 1985 causae
1002 1954 1181 1986 efficientis
1211 1966 1277 1995 qua
1306 1966 1366 1996 per
1398 1955 1546 1986 divinam
1581 1955 1792 1986 voluntatem

324 2014 453 2044 habent
478 2023 531 2044 105
561 2013 653 2053 quod
683 2012 751 2043 sint
778 2018 871 2043 extra
901 2023 961 2053 per
990 2012 1174 2043 essentiam
1205 2012 1276 2043 sive
1308 2013 1341 2043 in
1370 2023 1447 2044 esse
1477 2012 1688 2051 existentiae,
1714 2013 1793 2054 quia

326 2071 421 2102 Deus
450 2069 531 2101 nihil
560 2075 675 2111 potest
702 2070 817 2101 facere
847 2075 941 2101 extra
969 2070 1002 2100 in
1033 2081 1144 2101 rerum
1175 2075 1295 2101 natura
1324 2070 1388 2101 nisi
1414 2071 1507 2111 quod
1534 2076 1585 2101 est
1609 2081 1689 2101 vera
1714 2081 1767 2102 res
1784 2070 1794 2086 ⁹

325 2127 660 2170 praedicamentalis,
687 2138 747 2159 ens
776 2127 810 2158 id
840 2128 933 2168 quod
960 2134 1011 2159 est
1039 2138 1100 2169 per
1130 2128 1324 2163 essentiam,
1354 2139 1456 2169 quam
1485 2129 1588 2159 habet
1614 2139 1633 2159 a
1658 2128 1734 2159 Deo
1759 2128 1790 2159 in

325 2192 490 2227 quantum
508 2187 612 2217 habet
629 2185 740 2217 ideam
760 2185 793 2216 in
812 2186 888 2217 Deo
907 2196 1008 2226 quam
1028 2185 1186 2223 imitatur,
1205 2186 1299 2226 quod
1324 2197 1395 2216 11011
1421 2185 1583 2217 convenit
1607 2185 1791 2228 figmentis.

326 2243 367 2274 Et
395 2243 587 2275 secundum
628 2243 768 2274 modum
802 2248 835 2274 et
872 2243 1016 2274 formam
1049 2244 1242 2274 secundum
1281 2254 1382 2284 quam
1417 2248 1572 2275 creatura
1605 2243 1654 2274 510
1690 2244 1794 2274 habet

325 2311 402 2333 esse
420 2301 454 2332 id
479 2301 573 2341 quod
591 2306 642 2332 est
666 2311 728 2342 per
745 2300 929 2332 essentiam
955 2301 989 2331 in
1006 2301 1150 2332 scientia
1175 2300 1336 2332 interiore
1362 2306 1398 2331 ut
1423 2312 1441 2331 a
1467 2311 1572 2332 causa
1597 2301 1792 2342 exemplari,

326 2369 386 2400 per
414 2359 626 2390 voluntatem
656 2364 691 2389 ut
721 2369 740 2389 a
768 2368 874 2389 causa
903 2358 1082 2397 efficiente,
1113 2359 1217 2389 habet
1248 2369 1325 2389 esse
1353 2358 1385 2389 in
1412 2358 1591 2389 existentia
1616 2358 1792 2396 exteriore,

326 2416 518 2448 secundum
536 2416 618 2446 illud
636 2415 748 2447 Boetii
762 2417 807 2455 (1)
825 2415 924 2446 tertio
949 2416 992 2447 de
1021 2415 1271 2447 Consolatione
1290 2427 1296 2446 ;
1315 2421 1350 2446 tu
1369 2421 1492 2447 01111οῖ3
1519 2426 1670 2456 superna
1695 2416 1793 2447 ducis

417 2572 424 2585 ¹
438 2579 502 2596 eum
524 2571 553 2596 P.
575 2587 605 2589 fi
627 2572 636 2584 ‘³
656 2570 726 2595 illud
747 2570 776 2595 P.
796 2586 827 2588 —
847 2571 856 2584 ³
870 2579 924 2595 um.
946 2570 974 2595 P.
995 2586 1026 2588 —
1046 2572 1054 2584 ⁴
1075 2578 1129 2595 om.
1153 2570 1181 2595 P.
1203 2586 1233 2587 j
1253 2571 1262 2584 ³¹
1280 2578 1334 2595 0111.
1356 2570 1385 2595 P.
1408 2586 1438 2588 —
1459 2572 1468 2583 '⁵
1488 2570 1657 2596 existentias
1678 2571 1738 2596 PV.
1760 2586 1792 2590 —-

328 2615 336 2629 ⁷
349 2614 379 2640 id
392 2614 422 2639 Ρ.
437 2630 469 2632 -
491 2614 500 2628 ⁵¹
513 2623 579 2640 esse
597 2615 660 2647 suo]
675 2622 728 2639 suo
743 2622 807 2639 esse
822 2614 851 2639 P.
867 2629 897 2632 ἡ
914 2616 923 2627 ”
939 2622 1006 2639 vera
1021 2615 1076 2646 res]
1092 2622 1137 2639 res
1158 2622 1226 2638 vera
1247 2613 1276 2638 P.

416 2717 453 2745 (1)
469 2715 584 2741 Boetii
601 2716 644 2741 De
659 2715 872 2747 Consolatione,
887 2716 903 2740 l.
919 2716 968 2747 III,
982 2717 997 2741 9
1014 2715 1055 2742 (Ρ.
1071 2715 1100 2740 L.
1115 2715 1171 2740 vol.
1186 2716 1227 2743 63,
1243 2715 1296 2740 eol.
1311 2716 1362 2740 758
1377 2721 1430 2749 sq).
