2493 3458
743 449 956 480 SECUNDUM
987 453 1284 487 QUODLIBETL'M,
1314 455 1348 487 Q⁴
1376 455 1399 479 x
1760 455 1801 480 ιη

337 542 434 574 Ordo
460 553 543 585 ergo
569 542 771 580 essentialis,
798 542 880 583 qui¹
910 543 1095 574 attenditur
1124 544 1316 575 secundum
1349 544 1478 586 gradus
1508 544 1719 583 essentiales,
1746 556 1807 586 per

336 611 374 632 se
398 600 504 631 variat
535 600 697 641 speciem,
734 606 766 631 et
802 611 871 631 non
908 606 1022 641 potest
1054 612 1132 632 esse
1157 601 1244 632 inter
1275 601 1451 632 individua
1484 602 1639 633 eiusdem
1666 602 1805 643 speciei,

336 658 415 699 quia
452 658 658 699 participant
691 658 837 689 eandem
878 658 1062 689 essentiam
1100 658 1132 689 in
1174 670 1240 699 qua
1277 670 1346 690 non
1387 665 1438 690 est
1479 660 1637 701 accipere
1677 660 1806 701 gradus

337 716 529 747 secundum
556 726 644 756 quos
669 715 779 756 possit
815 715 944 746 attendi
982 716 1179 747 huiusmodi
1216 717 1301 748 ordo
1336 722 1367 747 et
1400 717 1509 759 inagis
1543 722 1575 748 et
1607 717 1730 748 minus.
1769 717 1805 749 Si

336 784 420 815 ergo
442 773 484 804 sit
505 773 551 804 ibi
578 773 665 804 ordo
695 778 728 804 et
756 773 885 815 gradus
903 773 1095 804 secundum
1121 773 1231 815 inagis
1251 779 1283 805 et
1308 774 1431 811 minus,
1459 780 1595 815 oportet
1620 775 1713 815 quod
1739 775 1806 805 hoc

336 830 378 861 sit
403 841 464 872 per
489 830 628 871 aliquod
654 830 817 861 accidens
844 836 876 861 et
902 831 1094 862 secundum
1121 831 1291 862 diversam
1326 831 1623 873 participationem
1650 832 1805 863 eiusdem

336 889 466 919 formae
492 888 684 919 secundum
711 887 815 919 esse*2
850 888 1052 929 specificum
1085 899 1103 919 a
1140 888 1309 920 subiecto.
1337 889 1372 920 Si
1408 900 1491 930 ergo
1529 890 1663 921 colores
1689 895 1805 921 essent

335 945 494 987 separati,
513 951 606 977 esset
632 956 720 976 unus
746 945 930 986 perfectior
955 945 1031 984 alio,
1051 952 1083 977 et
1108 951 1200 977 esset
1218 946 1264 977 ibi
1290 946 1400 989 magis
1419 953 1451 978 et
1472 947 1584 978 minus
1602 947 1804 989 perfectum,

336 1003 416 1044 quia
453 1004 547 1035 color
582 1014 653 1034 non
688 1008 739 1034 est
772 1014 840 1034 una
876 1003 995 1041 forma,
1029 1014 1094 1034 nec
1127 1009 1264 1044 oportet
1296 1005 1388 1045 quod
1426 1004 1589 1046 quicquid
1622 1010 1673 1036 est
1710 1005 1806 1036 color

336 1061 429 1102 quod
459 1060 501 1092 sit
529 1071 639 1101 aeque
676 1061 850 1102 perfectus
887 1061 1079 1092 secundum
1109 1072 1155 1092 se.
1194 1062 1264 1093 Sed
1293 1061 1321 1093 si
1354 1062 1479 1094 albedo
1512 1068 1604 1094 esset
1636 1068 1804 1104 separata,

335 1119 416 1149 dato
450 1118 543 1159 quod
577 1124 694 1149 essent
719 1119 835 1159 plures
869 1118 1048 1150 albedines
1083 1124 1273 1160 separatae,
1301 1130 1422 1151 omnes
1449 1126 1566 1152 essent
1595 1131 1706 1161 aeque
1732 1130 1806 1161 per-

334 1177 456 1208 fectae.
499 1175 589 1216 Quia
630 1186 707 1207 cum
748 1177 857 1207 forma
898 1176 1061 1217 specifica
1103 1177 1295 1208 secundum
1337 1188 1374 1209 se
1414 1188 1485 1209 non
1526 1178 1637 1219 possit
1676 1179 1805 1210 habere

334 1233 444 1276 magis
470 1239 502 1265 et
530 1233 653 1272 minus,
684 1234 808 1265 albedo
838 1240 995 1275 separata
1025 1245 1095 1265 non
1125 1240 1216 1266 esset
1245 1235 1355 1266 forma
1386 1235 1451 1266 nisi
1480 1237 1673 1268 secundum
1699 1248 1746 1275 se,
1773 1243 1806 1269 et

333 1302 403 1323 non
429 1291 658 1323 diversimode
684 1291 884 1333 participata
911 1303 929 1322 a
955 1292 1122 1330 subiecto,
1149 1298 1181 1324 et
1206 1292 1285 1324 ideo
1311 1298 1343 1325 et
1368 1299 1491 1325 cetera.

422 1350 497 1381 Nec
529 1350 532 1390 Ι
565 1349 645 1380 huic
674 1355 725 1380 est
754 1349 962 1381 contrarium
1000 1350 1093 1390 quod
1129 1350 1363 1392 Philosophus
1393 1351 1527 1383 videtur
1552 1353 1638 1383 velle
1669 1353 1804 1385 decimo

334 1407 595 1446 Ethicorunui)
625 1407 718 1448 quod
744 1407 873 1438 sanitas
902 1413 1061 1449 separata
1090 1408 1190 1439 etiam
1225 1409 1417 1440 secundum
1452 1420 1489 1441 se
1518 1410 1661 1451 recipiat
1695 1411 1805 1454 inagis

335 1465 388 1496 vel
424 1465 548 1503 minus,
585 1476 656 1496 non
692 1465 802 1495 solum
844 1476 884 1496 ex
921 1465 1055 1496 diversa
1096 1465 1358 1507 participatione
1394 1467 1548 1499 subiecti.
1591 1468 1682 1508 Quia
1718 1469 1806 1500 forte

334 1522 464 1554 sanitas
497 1533 567 1554 non
604 1522 684 1554 dicit
719 1533 789 1553 rem
823 1522 924 1553 unius
957 1529 990 1554 et
1023 1523 1177 1554 eiusdem
1210 1524 1361 1565 speciei;
1399 1525 1522 1556 dicitur
1553 1525 1643 1557 enim
1676 1526 1805 1558 sanitas

334 1591 404 1612 non
431 1591 672 1621 quaecumque
696 1581 879 1611 humorum
914 1581 1084 1621 aequatio,
1111 1582 1172 1612 sed
1199 1582 1359 1622 aequatio
1385 1583 1567 1614 humorum
1602 1589 1805 1625 competens

334 1638 392 1670 tali
417 1637 547 1679 speciei
572 1638 624 1669 vel
642 1637 699 1669 tali
725 1638 966 1679 complexioni.
994 1638 1035 1669 Et
1061 1638 1139 1670 ideo
1164 1650 1234 1670 non
1261 1646 1312 1671 est
1337 1640 1466 1671 sanitas
1495 1641 1650 1673 eiusdem
1676 1641 1806 1683 speciei

335 1695 369 1727 in
397 1695 538 1727 bomine
563 1701 596 1727 et
621 1696 731 1733 leone,
758 1695 837 1737 quia
866 1695 941 1727 talis
970 1696 1131 1737 aequatio
1158 1697 1341 1729 humorum
1370 1698 1403 1729 in
1432 1699 1534 1730 leone
1560 1705 1651 1731 esset
1676 1699 1806 1731 sanitas

335 1765 422 1795 quae
438 1753 448 1769 ³

472 1758 564 1785 esset
589 1753 621 1784 in
649 1753 789 1785 homine
814 1753 1006 1795 aegritudo.
1033 1754 1163 1786 Immo“1
1192 1755 1277 1786 forte
1303 1755 1335 1787 iu
1363 1756 1482 1788 eadem
1507 1757 1624 1798 specie
1650 1757 1806 1789 animalis

335 1811 484 1843 variatur
509 1811 639 1843 sanitas
665 1812 857 1843 secundum
887 1812 1061 1853 specie1n3
1088 1824 1165 1844 nam
1192 1813 1279 1844 forte
1305 1800 1466 1855 aequatio
1491 1815 1673 1846 humorum
1692 1826 1780 1856 quae
1796 1814 1808 1831 ⁵

334 1869 368 1900 in
401 1869 577 1901 cholerico
614 1875 706 1901 esset
743 1869 883 1908 sanitas,
915 1869 948 1901 in
980 1870 1213 1912 phlegmatico
1248 1877 1339 1903 esset
1372 1872 1559 1904 infirmitas.
1598 1873 1689 1913 Quia
1722 1884 1805 1916 ergo

334 1927 463 1959 sanitas
480 1938 550 1959 non
569 1927 651 1959 dicit
669 1927 812 1958 formam
838 1933 870 1959 et
889 1928 1074 1959 essentiam
1100 1928 1201 1959 unius
1220 1929 1359 1970 speciei,
1385 1929 1464 1962 ideo
1494 1930 1593 1962 etiam
1613 1931 1805 1962 secundum

334 1996 372 2017 se
397 1985 469 2016 sive
495 1990 653 2027 separata
679 1985 802 2017 dicitur
827 1996 893 2016 una
921 1996 997 2017 esse
1023 1986 1207 2027 perfectior
1232 1988 1284 2018 vel
1310 1987 1418 2019 maior
1442 1988 1516 2019 alia.

423 2042 459 2075 Si
494 2053 578 2086 ergo
609 2042 752 2084 recipiat
786 2043 897 2074 forma
929 2044 1050 2075 eadem
1080 2045 1275 2076 secundum
1305 2045 1457 2086 speciem
1490 2046 1599 2089 magis
1625 2052 1657 2078 et
1683 2047 1805 2086 minus⁷

333 2101 401 2133 hoc
434 2111 505 2132 non
534 2105 650 2142 potest
678 2100 881 2143 contingere
910 2101 990 2142 quia
1021 2103 1126 2133 habet
1152 2102 1268 2143 plures
1293 2103 1422 2145 gradus
1452 2104 1665 2136 essentiales.
1701 2105 1806 2136 Immo

333 2164 471 2200 oportet
500 2158 593 2199 quod
618 2159 686 2190 hoc
711 2158 754 2190 sit
778 2159 971 2190 secundum
1001 2159 1140 2200 aliquod
1169 2160 1333 2192 accidens
1359 2161 1433 2192 eius
1460 2163 1652 2193 secundum
1678 2163 1806 2205 gradus

333 2216 494 2248 virtuales
520 2216 604 2248 eius.
630 2216 794 2257 Alioquin
821 2216 998 2248 albedines
1025 2218 1140 2258 plures
1163 2223 1344 2259 separatae
1370 2219 1590 2251 dicerentur6
1614 2220 1807 2252 secundum

334 2273 444 2317 magis
481 2279 513 2305 et
549 2273 673 2313 minus,
706 2275 801 2315 quod
836 2274 970 2306 videtur
1006 2275 1267 2308 inconveniens.
1302 2276 1339 2308 Si
1371 2288 1455 2320 ergo
1491 2278 1643 2309 habeant
1678 2279 1806 2321 gradus

334 2331 468 2373 aliquos
494 2331 655 2363 virtuales
681 2343 768 2373 quos
794 2343 865 2363 non
891 2332 940 2363 sic
966 2332 1127 2364 dicuntur
1142 2334 1271 2365 habere
1289 2335 1419 2366 formae
1445 2335 1691 2367 substantiales
1717 2347 1807 2377 quae

424 2488 431 2502 ¹
445 2496 520 2522 quae
540 2488 570 2513 P.
591 2503 623 2506 —-
644 2488 654 2502 ‘-'
667 2496 698 2514 se
719 2488 749 2514 Ρ.
770 2504 802 2507 -
824 2488 834 2503 ⁸
847 2488 895 2523 qui
910 2488 970 2514 PV.
986 2504 1017 2507 -—
1033 2490 1041 2503 ⁴
1057 2498 1110 2515 am.
1132 2489 1161 2515 P.
1183 2506 1214 2508 —
1236 2490 1246 2504 ⁵
1260 2490 1307 2524 qui
1323 2490 1352 2516 P.
1370 2506 1401 2508 —
1417 2491 1426 2504 ‘³
1441 2490 1575 2516 dicuntur
1596 2491 1625 2516 P.

423 2604 460 2635 (xl)
482 2604 512 2629 L.
527 2604 561 2635 X,
582 2613 604 2630 c.
625 2606 641 2630 ⁴2
662 2604 706 2637 [al.
726 2606 750 2637 3]
773 2612 811 2639 (p.
834 2606 921 2631 1173).
943 2603 971 2629 Ti
990 2604 1040 2638 γὰρ
1060 2604 1165 2634 κωλύει,
1185 2604 1303 2639 καθάπερ
1321 2605 1403 2640 ὑγίεια
1420 2604 1552 2639 ὠμῇ-μένῃ
1572 2604 1636 2631 οὖσα
1655 2604 1759 2640 δέχεται
1778 2606 1807 2632 τὸ

334 2646 434 2678 μᾶλλον
454 2647 497 2672 καὶ
515 2647 545 2672 τὸ
564 2647 652 2678 ἧττον,
667 2646 737 2673 οὕτω
758 2648 801 2673 καὶ
819 2648 865 2679 τὴν
885 2648 996 2679 ’ἡδονήνς
1017 2646 1047 2674 οὐ
1067 2649 1116 2684 γὰρ
1136 2649 1150 2680 ἡ
1170 2648 1235 2680 αὐτὴ
1254 2649 1402 2683 συμμετρία
1420 2648 1444 2675 ἐν
1462 2653 1538 2675 πᾶσιν
1558 2649 1633 2681 ἐστιν,
1655 2649 1708 2676 οὐδ’
1727 2649 1752 2676 ἐν
1770 2654 1808 2676 τὼ

333 2684 404 2722 αὐτῷ
425 2687 470 2719 μία
487 2697 524 2717 τις
542 2687 590 2717 ἀεί,
610 2687 666 2714 ἀλλ’
686 2687 807 2720 ἀνιεμένη
826 2688 940 2721 διαμένει
960 2690 1009 2719 ἕως
1028 2690 1105 2719 τινός,
1126 2691 1169 2715 καὶ
1188 2689 1302 2725 διαφέρει
1322 2694 1359 2724 τῷ
1378 2692 1478 2723 μᾶλλον
1498 2692 1541 2717 καὶ
1559 2692 1646 2723 ἦττον.

1671 2754 1702 2779 19

1861 1327 1924 1353 cod.
1943 1328 1962 1353 Ρ

1828 1362 1875 1389 fol.
1894 1365 1943 1389 149
1957 1364 1997 1389 Ra
