2493 3458
509 671 574 698 cod.
585 672 609 697 V

479 706 529 734 fol.
540 709 591 734 255
602 707 642 733 Vh

666 419 699 444 :34
1029 418 1217 444 MAGlSTlel
1247 417 1468 443 GODEFRIDL
1495 418 1545 444 DE
1574 417 1769 444 FONTissUS

667 507 849 539 existimari
885 513 999 549 potest
1038 506 1224 539 deformior
1263 512 1324 544 est,
1361 505 1440 547 quia
1472 511 1612 547 propter
1643 506 1755 537 minus
1790 507 1918 538 bonum
1960 506 2130 538 mentitur.

667 564 785 606 Quare
809 570 842 597 et
867 570 991 597 cetera.

756 622 967 664 Respondeo
1007 621 1191 654 (licendum
1225 621 1318 662 quod
1352 621 1384 652 in
1418 626 1564 663 peccato
1600 626 1651 652 est
1680 621 1686 638 ¹
1727 621 1949 653 considerare
1988 631 2131 653 conver-

667 679 799 712 sionem
825 680 869 711 ad
896 680 1025 711 bonum
1051 678 1294 711 commutabile
1323 689 1411 719 quae
1441 678 1658 710 materialiter
1685 689 1723 710 se
1745 679 1849 710 habet
1874 678 1906 710 in
1933 684 2079 720 peccato
2107 680 2111 718 1

666 742 699 769 et
724 737 938 770 aversionem
975 748 994 768 a
1031 738 1124 768 bono
1160 735 1429 768 incommutabili
1465 746 1554 777 quae
1579 742 1631 767 est
1667 735 1817 767 formalis
1850 742 1883 767 et
1922 735 2131 778 completiva

663 795 749 827 ratio
784 794 928 837 peccati.
955 794 1004 826 Ex
1030 799 1125 836 parte
1150 793 1388 826 conversionis
1422 792 1615 835 hypocrisis
1645 798 1784 835 propter
1813 793 1957 834 gloriam
1983 804 2053 825 non
2079 799 2131 825 est

663 852 772 884 maius
797 857 988 894 peccatum,
1007 851 1087 893 quia
1103 852 1215 883 honor
1232 861 1334 892 quem
1352 850 1546 882 inordinate
1568 850 1713 882 intendit
1739 861 1809 882 non
1835 851 1939 882 habet
1964 850 2130 883 maiorem

662 910 926 953 repugnantiam
956 910 998 941 ad
1032 910 1160 941 bonum
1190 908 1321 940 virtutis
1355 919 1457 949 quam
1492 908 1623 940 lucrum
1653 908 1696 939 ad
1729 908 1823 949 quod
1855 907 2000 940 intendit
2032 907 2129 940 alius.

663 968 733 1000 Sed
764 978 805 1000 ex
837 973 933 1009 parte
965 966 1155 999 aversionis
1187 966 1296 998 maius
1325 972 1385 1001 est,
1415 965 1494 1007 quia
1522 965 1632 1008 magis
1657 965 1787 997 directe
1812 965 1984 1003 avertitur,
2014 965 2048 997 id
2078 971 2131 998 est

663 1025 856 1057 resistendo
871 1024 883 1041 ²
899 1030 932 1057 et
948 1035 1018 1056 non
1045 1024 1194 1056 volendo
1219 1023 1327 1055 subici
1356 1024 1430 1055 Deo
1456 1023 1545 1055 sicut
1569 1023 1740 1064 superbia.
1768 1022 1869 1055 Unde
1894 1022 1983 1055 sicut
2007 1033 2126 1065 super-

663 1082 719 1114 bia
751 1083 803 1114 vel
834 1082 945 1114 inanis
977 1081 1085 1123 gloria
1118 1088 1170 1113 est
1196 1081 1207 1097 ³
1246 1081 1355 1112 maius
1388 1087 1568 1123 peccatum
1602 1091 1643 1112 ex
1676 1086 1772 1122 parte
1804 1079 1994 1112 aversionis
2026 1091 2128 1122 quarn

663 1139 812 1179 avaritia,
842 1139 887 1172 ita
913 1139 1108 1181 hypocrisis
1126 1150 1187 1180 per
1203 1149 1305 1180 quam
1325 1138 1513 1170 intenditur
1530 1138 1660 1169 lucrum
1691 1138 1784 1179 quod
1802 1145 1854 1169 est
1871 1137 1949 1169 finis
1967 1137 2130 1170 avaritiae

663 1203 715 1230 est
743 1197 856 1229 minus
885 1197 1011 1229 malum
1037 1207 1138 1238 quam
1155 1196 1165 1212 ⁴
1193 1207 1254 1238 per
1278 1206 1379 1237 quam
1405 1195 1594 1227 intenditur
1618 1206 1707 1226 vana
1728 1195 1838 1237 gloria
1863 1205 1952 1236 quae
1976 1201 2028 1227 est
2051 1195 2130 1227 finis

663 1255 855 1297 superbiae.
883 1255 982 1287 Unus
1009 1254 1098 1286 enim
1125 1254 1241 1285 talium
1267 1253 1438 1285 dicendus
1462 1259 1514 1285 est
1539 1253 1721 1294 superbus,
1747 1252 1834 1284 alius
1852 1258 1965 1285 autern
1995 1263 2130 1292 avarus,

661 1313 779 1345 saltem
805 1323 825 1344 a
849 1313 926 1344 fine.
946 1331 986 1335 —
1011 1312 1081 1344 Sed
1107 1322 1148 1343 ex
1173 1317 1269 1353 parte
1293 1309 1552 1343 conversionis-⁶
1576 1317 1690 1342 tamen
1717 1321 1735 1342 e
1759 1309 1933 1342 contrario
1957 1311 2130 1350 sehabet,

661 1370 740 1412 quia
757 1381 835 1402 cum
853 1370 1045 1402 secundum
1070 1368 1304 1410 Augustinum
1323 1371 1369 1407 (l.)
1395 1369 1438 1400 de
1463 1368 1571 1399 libero
1591 1367 1729 1399 arbitrio
1755 1367 1837 1399 nihil
1862 1367 1953 1399 aliud
1978 1367 2021 1400 sit
2037 1368 2130 1400 darn-

660 1429 812 1460 nandum
838 1427 872 1459 in
897 1432 969 1459 toto
993 1437 1122 1469 genere
1147 1426 1387 1458 malefaciendi
1413 1436 1515 1467 quam
1542 1425 1658 1464 libido,
1684 1425 1756 1457 sive
1775 1425 1787 1441 ⁶
1811 1425 1912 1457 etiam
1931 1425 2129 1457 huiusmodi

659 1485 766 1517 libido
799 1485 866 1517 alio
898 1484 1039 1517 nomine
1070 1483 1241 1526 cupiditas
1275 1490 1503 1525 nuncupetur,
1537 1488 1634 1515 actus
1666 1483 1775 1514 malus
1808 1482 1947 1515 factus⁷
1978 1484 2054 1525 [est]
2087 1493 2130 1516 ex

659 1543 788 1575 maiore
813 1542 954 1575 libidine
979 1542 1075 1584 peior
1097 1548 1148 1574 est
1172 1541 1352 1573 dicendus.
1382 1541 1492 1573 Actus
1517 1547 1631 1573 autem
1657 1541 1767 1572 malus
1792 1541 1904 1573 sactus
1929 1551 1971 1572 ex
1996 1541 2129 1574 minore

659 1600 788 1633 motivo
817 1600 966 1633 exterius
998 1599 1155 1642 procedit
1182 1610 1224 1631 ex
1252 1598 1382 1631 maiore
1413 1598 1555 1630 libidine
1588 1598 1774 1630 voluntatis
1806 1609 1909 1640 quarn
1942 1599 2055 1631 factus
2087 1609 2130 1631 ex

659 1658 788 1690 maiore
813 1659 918 1690 bono.
945 1658 986 1689 Et
1011 1657 1091 1699 quia
1115 1657 1203 1689 inter
1227 1657 1319 1688 bona
1345 1656 1515 1688 exteriora
1540 1656 1679 1688 divitiae
1704 1662 1784 1688 sunt
1807 1656 1952 1694 minora,
1976 1657 2129 1688 honores

659 1722 772 1749 autem
790 1721 870 1748 sunt
898 1715 1036 1754 maiora,
1062 1715 1140 1747 ideo
1169 1714 1226 1756 qui
1256 1714 1430 1746 inducitur
1458 1713 1645 1746 occasione
1670 1713 1812 1746 honoris
1841 1714 1885 1745 ad
1910 1714 2127 1756 peccandum

658 1774 769 1806 maius
800 1774 934 1806 habens
970 1773 1145 1811 motivum,
1179 1772 1293 1804 minus
1325 1778 1448 1814 peccat
1483 1782 1586 1813 quam
1620 1771 1677 1813 qui
1709 1771 1883 1804 inducitur
1914 1771 2129 1804 occasione⁸

658 1831 741 1863 boni
765 1831 866 1863 utilis.
889 1831 980 1872 Quia
1004 1837 1118 1862 tamen
1145 1829 1344 1872 simpliciter
1368 1835 1421 1861 est
1444 1829 1667 1861 iudicandum
1693 1830 1736 1861 de
1762 1834 1908 1871 peccato
1934 1830 2127 1862 secundum

658 1889 825 1922 rationem
852 1899 942 1930 quae
970 1894 1022 1920 est
1048 1887 1194 1926 aversio,
1226 1893 1407 1929 peccatum
1434 1886 1627 1928 hypocrisis
1656 1892 1796 1928 propter
1820 1886 1957 1919 inanem
1983 1886 2127 1930 gloriam

659 1953 710 1979 est
733 1946 843 1978 maius
869 1945 1067 1988 simpliciter
1083 1951 1230 1987 peccato
1246 1945 1257 1961 ⁰
1281 1944 1476 1986 hypocrisis
1501 1951 1641 1986 propter
1665 1945 1796 1976 lucrum
1813 1943 1892 1976 licet
1917 1955 1935 1976 e
1953 1944 2126 1977 contrario

657 2004 700 2037 sit
723 2004 916 2037 secundum
945 2003 1028 2044 quid
1057 2003 1129 2035 sive
1147 2003 1171 2020 ¹⁰
1198 2013 1238 2035 ex
1267 2008 1364 2044 parte
1393 2001 1634 2034 conversionis
1664 2001 1736 2033 sive
1765 2001 1882 2033 motivi
1912 2002 1956 2034 ad
1984 2012 2127 2034 conver-

657 2062 809 2095 tendum.

747 2218 754 2232 ¹
768 2216 847 2252 quod
861 2232 893 2236 —
913 2217 968 2250 est]
988 2224 1042 2242 om.
1063 2215 1093 2241 P.
1114 2230 1146 2234 -—
1169 2215 1180 2230 ‘·'
1193 2214 1348 2241 residendo
1371 2215 1400 2240 P.
1423 2230 1454 2233 —
1479 2214 1489 2228 ³
1502 2214 1595 2240 subici
1617 2230 1649 2233 —
1669 2215 1724 2248 est]
1745 2223 1810 2241 cum
1831 2214 1862 2240 P.
1882 2230 1915 2234 --
1935 2216 1945 2230 ⁴
1964 2223 2020 2241 om.
2039 2214 2069 2241 P.
2092 2230 2125 2234 —

657 2261 667 2276 ⁵
687 2260 847 2287 aversionis
865 2260 927 2286 PV.
945 2275 978 2279 —
993 2260 1004 2274 ⁰
1021 2267 1107 2294 quam
1126 2259 1156 2284 P.
1186 2274 1211 2278 —
1231 2259 1239 2273 ³
1256 2267 1311 2284 om.
1333 2258 1363 2284 P.
1379 2274 1411 2277 —
1431 2258 1441 2273 ⁸
1453 2258 1572 2285 honoris
1588 2274 1619 2277 -
1642 2257 1809 2292 occasione]
1831 2267 1886 2284 om.
1905 2258 1935 2284 P.
1957 2273 1987 2278 —
2007 2258 2019 2274 ⁹
2032 2258 2126 2285 maius

656 2321 689 2324 —
709 2304 843 2340 peccato]
863 2303 1034 2339 simpliciter
1047 2303 1140 2329 maior
1153 2302 1183 2328 P.
1199 2318 1230 2321 —
1247 2303 1268 2317 ¹⁰
1280 2301 1356 2328 sicut
1370 2302 1400 2328 P.

744 2438 782 2471 (1)
802 2436 994 2472 Augustini
1016 2436 1061 2463 De
1075 2437 1167 2462 libero
1180 2436 1316 2467 arbitrio,
1330 2436 1347 2461 1.
1362 2436 1412 2468 ΙΙΙ,
1426 2444 1450 2462 c.
1466 2437 1497 2462 17
1511 2435 1568 2465 (ed.
1583 2435 1690 2470 Migne.
1704 2435 1734 2461 P.
1750 2435 1788 2467 L.,
1802 2435 1858 2461 vol.
1873 2436 1917 2468 32,
1929 2443 1957 2470 p.
1973 2436 2042 2461 1294
2055 2437 2122 2470 sq.).

656 2491 668 2506 (ι
685 2481 767 2508 Haec
781 2484 877 2507 autem
892 2480 1013 2507 avaritia
1027 2480 1172 2515 cupiditas
1186 2484 1247 2513 est3
1267 2479 1412 2514 cupiditas
1426 2488 1513 2514 porro
1527 2479 1660 2514 improba
1674 2479 1809 2507 voluntas
1823 2483 1876 2505 est.
1896 2479 1974 2513 Ergo
1988 2478 2123 2513 improba

656 2525 799 2557 voluntas,
818 2524 958 2551 malorum
978 2524 1106 2550 omnium
1125 2532 1214 2550 causa
1234 2527 1286 2550 est.
1302 2534 1313 2547 ⁷>
