2493 3458
755 422 969 450 SECUNDUM
999 423 1296 457 QUODLIBETUM,
1324 425 1358 459 Q.
1388 425 1428 450 XI
1776 427 1823 451 149

352 512 427 544 sine
466 512 651 554 prudentia
699 523 764 544 nec
804 513 1009 554 prudentem
1050 513 1125 545 sine
1164 513 1284 545 morali
1323 513 1456 545 virtute.
1498 514 1568 545 Sed
1616 515 1658 546 de
1698 515 1822 547 virtute

352 569 573 613 distinguitur
605 570 799 601 secundum
841 570 1091 612 Philosophum
1127 570 1161 602 in
1197 571 1266 602 fine
1299 571 1447 609 sexti(l)
1486 572 1696 611 Ethicorum,
1729 573 1822 613 quod

351 627 457 659 virtus
482 627 620 658 moralis
646 633 760 669 potest
786 627 852 659 dici
878 628 1048 668 quaedam
1074 628 1238 669 perfecta,
1265 629 1435 669 quaedam
1460 629 1672 670 imperfecta.
1698 630 1822 671 Imper-

350 685 440 717 fecta
465 685 603 726 quidem
628 685 821 716 secundum
847 696 949 726 quam
982 686 1155 727 appetitus
1188 686 1371 717 inclinatur
1404 687 1448 717 ad
1481 687 1621 727 aliquod
1657 698 1746 728 opus
1780 689 1822 719 de

349 753 479 785 genere
518 743 689 774 bonorum
728 742 936 781 faciendum,
970 754 1041 774 non
1082 749 1195 775 tamen
1231 743 1373 776 omnino
1414 745 1577 785 perfecte,
1604 744 1823 777 immobiliter

351 799 483 832 scilicet
509 806 542 832 et
570 800 826 838 delectabiliter,
856 800 929 831 sive
958 800 1034 831 talis
1072 801 1176 832 virtus
1211 801 1291 832 insit
1323 812 1341 832 a
1372 807 1504 839 natura,
1535 801 1606 833 sive
1638 803 1680 833 ab
1710 802 1823 843 aliqua

351 857 605 889 consuetudine
645 858 837 889 secundum
878 869 980 899 quam
1021 858 1171 899 quidem,
1212 864 1248 889 ut
1288 858 1411 891 dicitur
1451 859 1506 897 ibi,
1551 861 1555 900 Ι
1589 870 1660 891 non
1701 860 1824 891 dicitur

351 915 426 956 quis
458 915 692 957 principaliter
724 915 796 946 sive
828 915 1028 957 >simpliciter
1062 917 1187 954 bonus,
1213 917 1275 947 sed
1308 917 1399 948 bene
1431 923 1532 948 natus
1565 918 1617 948 vel
1654 923 1754 959 aptus
1780 918 1823 949 ad

349 973 490 1004 bonum.
531 973 688 1004 Perfecta
728 978 842 1004 autem
882 973 988 1004 virtus
1025 973 1148 1005 (licitur
1187 974 1379 1006 secundum
1421 985 1524 1015 quam
1564 986 1606 1016 ap
1652 977 1654 1016 Ι
1698 975 1824 1017 petitus

351 1030 534 1062 inclinatur
560 1030 724 1072 perfecte,
750 1030 882 1062 scilicet
907 1030 1225 1072 impermutabiliter
1254 1037 1286 1063 et
1315 1032 1564 1064 delectabiliter
1593 1033 1635 1064 acl
1671 1033 1704 1064 id
1730 1033 1824 1074 quod

350 1093 401 1119 est
429 1087 644 1119 conveniens
677 1089 870 1120 secundum
900 1088 1078 1120 rationem.

437 1145 550 1176 Primo
579 1145 684 1177 modo
710 1145 886 1186 loquendo
913 1146 956 1177 tle
980 1146 1160 1177 virtutibus
1186 1146 1245 1185 sic,
1267 1152 1369 1188 prout
1387 1147 1433 1178 ibi
1462 1147 1543 1179 dicit
1576 1148 1824 1190 Philosophus,

349 1213 420 1234 non
446 1208 498 1234 est
522 1213 668 1235 necesse
694 1202 835 1234 virtutes
862 1214 939 1235 θεεθ
972 1214 1149 1235 connexas
1174 1204 1262 1235 inter
1293 1215 1330 1236 se
1363 1216 1429 1237 nec
1450 1205 1551 1236 etiam
1578 1205 1611 1237 in
1643 1206 1825 1247 prudentia

349 1261 503 1302 perfecta
520 1260 537 1291 ¹.
576 1261 693 1292 Potest
733 1261 824 1292 enim
866 1261 987 1302 aliquis
1028 1272 1068 1293 ex
1108 1262 1253 1293 naturali
1294 1262 1523 1304 dispositione
1564 1264 1824 1304 quodammodo

349 1324 529 1359 promptus
556 1329 634 1350 esse
670 1319 714 1349 ad
745 1329 851 1360 opera
876 1319 1097 1357 liberalitatis,
1127 1319 1185 1360 qui
1214 1326 1330 1351 tamen
1359 1331 1429 1352 non
1459 1326 1510 1352 est
1546 1321 1755 1363 promptus²
1781 1322 1825 1353 ad

350 1386 457 1417 opera
481 1375 656 1407 castitatis.
683 1376 725 1407 Et
750 1376 809 1413 sic,
836 1383 871 1407 ut
896 1376 977 1408 dicit
994 1377 1004 1392 ³³
1029 1377 1292 1409 Commentator
1317 1381 1373 1418 (2),
1399 1378 1571 1421 contingit
1596 1379 1697 1410 etiam
1722 1379 1824 1411 virtu-

349 1438 417 1465 tem
454 1434 497 1464 ad
534 1444 635 1475 quam
671 1434 721 1465 sic
754 1440 806 1466 est
841 1434 963 1475 aliquis
1000 1440 1101 1476 aptus
1134 1435 1313 1476 possidere
1347 1446 1388 1467 ex
1420 1436 1533 1477 aliqua
1567 1437 1825 1469 assuefactione

350 1497 430 1523 ante
455 1492 595 1522 alteram
621 1492 665 1522 ad
690 1503 792 1532 quam
818 1502 889 1523 non
915 1498 966 1523 est
991 1498 1102 1534 aptus,
1130 1493 1201 1524 Sed
1218 1493 1294 1524 talis
1321 1504 1392 1525 non
1418 1500 1470 1525 est
1494 1494 1729 1536 principaliter
1753 1495 1825 1527 sive

350 1549 504 1590 perfecte
542 1549 701 1588 liberalis,
727 1550 790 1581 sed
818 1550 908 1581 bene
937 1556 1038 1581 natus
1068 1550 1139 1582 sive
1166 1550 1354 1592 dispositus
1380 1552 1434 1583 vel
1459 1557 1560 1593 aptus
1586 1553 1629 1583 ad
1655 1552 1824 1592 virtutem,

350 1612 386 1638 ut
411 1606 493 1638 dicit
517 1606 563 1638 ibi
589 1607 861 1639 Commentator.

438 1664 509 1696 Sed
533 1665 711 1706 loquendo
730 1665 772 1696 de
791 1664 971 1697 virtutibus
989 1666 1145 1697 secundo
1168 1667 1283 1705 modo,
1310 1672 1447 1709 oportet
1464 1678 1523 1699 eas
1542 1678 1618 1699 esse
1646 1678 1825 1700 connexas

349 1721 436 1754 inter
460 1733 498 1754 se
518 1721 684 1754 indirecte
699 1722 711 1739 4
735 1722 794 1754 sic.
821 1723 997 1764 Quoniam
1022 1734 1100 1755 cum
1125 1724 1325 1756 huiusmodi
1350 1725 1492 1757 virtutes
1518 1725 1586 1757 sint
1611 1725 1644 1757 in
1670 1726 1826 1768 appetitu

348 1780 515 1812 facientes
551 1786 679 1812 rectam
715 1780 787 1812 eius
820 1780 1088 1820 inclinationem,
1127 1792 1205 1813 cum
1238 1783 1431 1814 secundum
1466 1783 1620 1815 diversas
1652 1784 1825 1825 appetitus

349 1838 597 1880 dispositiones
634 1838 701 1870 sint
732 1839 766 1870 in
803 1838 879 1880 ipso
915 1839 1071 1871 diversae
1106 1839 1349 1873 inclinationes
1387 1852 1531 1882 quarum
1572 1853 1640 1872 una
1684 1842 1824 1873 alterius

349 1901 401 1928 est
415 1895 613 1938 impeditiva
626 1897 680 1928 vel
694 1896 945 1937 coadiuvativa,
960 1917 998 1920 —
1015 1903 1133 1939 utpote
1152 1899 1347 1930 secundum
1362 1900 1456 1940 quod
1470 1899 1593 1940 aliquis
1612 1905 1664 1931 est
1681 1899 1826 1931 affectus

349 1954 393 1985 ad
422 1964 530 1995 opera
555 1954 720 1986 castitatis
746 1954 817 1986 sive
843 1955 1036 1986 secundum
1062 1955 1327 1997 dispositionem
1353 1968 1421 1998 qua
1440 1956 1451 1972 ⁵
1476 1957 1719 1988 convenientia
1746 1963 1826 1988 sunt

311 2003 313 2005 ¹
349 2016 382 2043 et
406 2011 471 2043 sibi
496 2012 687 2043 conformia
712 2012 920 2052 huiusmodi,
947 2013 1140 2044 secundum
1167 2014 1234 2045 hoc
1251 2014 1285 2045 in
1304 2014 1359 2045 illa
1377 2014 1561 2046 inclinatur
1576 2014 1608 2053 ’ἲς
1628 2015 1822 2047 secundum

349 2074 463 2101 autem
489 2070 583 2111 quod
619 2075 671 2102 est
706 2070 851 2102 affectus
884 2071 937 2102 vel
971 2070 1160 2112 dispositus
1194 2072 1389 2104 secundum
1421 2072 1611 2114 appetitum
1648 2073 1692 2104 ad
1718 2084 1825 2114 opera

350 2127 595 2166 illiberalitatis,
610 2127 793 2160 inclinatur
811 2129 854 2160 ad
872 2128 936 2164 illa,
954 2148 992 2152 —
1009 2140 1103 2161 nunc
1121 2134 1235 2161 autem
1255 2130 1411 2171 quamvis
1430 2131 1670 2172 unusquisque
1688 2131 1825 2162 habitus

440 2282 592 2318 ¹perfecte
622 2283 652 2310 P.
682 2299 715 2303 -—
746 2284 833 2310 1'esse
863 2284 899 2310 ad
921 2300 952 2303 ——
973 2286 1136 2320 promptus]
1166 2294 1220 2311 om.
1243 2286 1273 2311 P.
1305 2301 1337 2305 —
1367 2286 1451 2312 3vult
1472 2286 1501 2312 P.
1526 2302 1558 2305 -
1589 2288 1597 2301 '¹
1612 2286 1721 2313 directe
1743 2286 1772 2313 P.
1795 2302 1826 2306 ——

352 2327 361 2342 ⁵
375 2336 449 2362 quae
470 2328 499 2354 P,
521 2344 553 2347 —-
574 2329 584 2342 ⁶
597 2327 753 2354 inclinatus
773 2329 804 2354 P.

438 2448 477 2479 (l)
502 2447 576 2473 [bid.
592 2452 629 2481 (p.
646 2448 734 2479 1144).
758 2448 833 2475 Οὕτω
847 2450 890 2475 καὶ
904 2448 945 2475 ἐπὶ
962 2451 1008 2474 τοῦ
1022 2448 1114 2480 ’ἠθικοῦ
1132 2449 1177 2475 δύο
1191 2449 1253 2480 ἐστι’,
1269 2450 1299 2476 τὸ
1315 2450 1360 2482 μὲν
1374 2450 1452 2485 ἁρετὴ
1468 2451 1562 2486 φυσικὴ
1576 2452 1605 2477 τὸ
1619 2449 1639 2477 δ’
1655 2451 1669 2483 ἡ
1683 2452 1768 2486 κυρία,
1784 2452 1826 2477 καὶ

350 2489 450 2515 τούτων
464 2489 479 2522 ἡ
493 2489 569 2524 κυρία
583 2489 613 2516 οὗ
627 2489 727 2525 γένεται
741 2489 799 2516 ἄνευ
813 2490 973 2525 φρονήσεως.
997 2507 1029 2510 -
1045 2491 1082 2525 (2)
1103 2491 1129 2517 Α
1137 2501 1177 2517 ve
1187 2492 1263 2518 rroi
1274 2501 1286 2518 s
1306 2493 1342 2518 In
1363 2492 1495 2518 ΔἸΙονιιΙία
1515 2493 1733 2519 Niconmclmea
1748 2495 1764 2520 l.
1779 2495 1826 2526 VI,

351 2541 374 2558 c.
391 2534 423 2558 13
443 2533 594 2565 (Venetiis,
610 2535 686 2565 1550,
700 2533 718 2558 f.
733 2535 767 2559 4ss
780 2534 839 2563 Κλ).
856 2544 867 2558 <a
882 2534 1028 2568 Quoniam
1049 2544 1102 2561 nos
1123 2536 1293 2562 multotiens
1313 2536 1477 2562 invenimus
1497 2546 1584 2563 unum
1606 2546 1641 2563 ex
1662 2537 1826 2563 hominibus

350 2584 402 2610 per
421 2580 553 2602 naturam
574 2581 686 2602 castum
707 2582 755 2603 aut
769 2578 920 2605 audacem.
934 2582 963 2604 et
977 2578 1018 2605 sic
1033 2579 1069 2604 (le
1090 2579 1154 2605 aliis
1175 2579 1382 2611 vi1·tutibus‚et
1402 2585 1467 2606 sunt
1487 2580 1622 2607 inventae
1644 2581 1671 2606 in
1692 2581 1734 2607 eis
1753 2581 1826 2607 istae

349 2619 471 2645 virtutes
485 2619 582 2646 statim
597 2628 613 2645 a
626 2620 779 2647 nativitate
800 2630 909 2653 eorum,
923 2622 978 2647 nisi
999 2623 1078 2657 quod
1098 2632 1151 2648 nos
1166 2623 1338 2657 inquirimus
1354 2623 1471 2657 quidem
1492 2624 1627 2650 virtutem
1648 2624 1735 2656 illam,
1752 2633 1826 2659 quae

348 2663 380 2688 fit
393 2671 446 2697 per
460 2663 633 2690 electionem
648 2669 677 2690 et
692 2664 921 2699 acquisitionem
938 2676 957 2691 i».

1704 2719 1738 2743 20

1882 855 1946 880 cod.
1959 855 1983 880 V

1851 890 1899 916 fol.
1911 893 1962 917 ¹270
1975 891 2014 916 Vb

1880 974 1945 1000 cod.
1961 975 1982 1000 P

1848 1009 1898 1036 fol.
1912 1012 1962 1036 149
1974 1010 2015 1035 Vb
