2493 3458
543 1196 607 1223 cod.
619 1197 644 1222 V

506 1232 556 1258 sol.
569 1234 622 1258 286
636 1232 675 1258 Rb

699 422 750 450 21.ss
1064 423 1251 450 MAGISTRI
1283 423 1499 450 GODEFRIDI
1532 423 1581 450 DF,
1611 419 1806 451 FONTIBUS

701 524 784 556 ergo
825 518 1049 555 praeceptum
1083 514 1384 546 accommodatum
1414 513 1620 545 multitudini
1660 519 1695 545 ut
1735 514 1768 545 in
1810 513 1975 555 pluribuS,
2008 525 2078 546 non
2118 520 2170 546 est

700 570 915 603 conveniens
940 571 1020 602 huic
1046 581 1217 612 personae
1243 571 1294 602 vel
1323 570 1354 602 in
1393 571 1460 602 hoc
1485 581 1580 609 casu,
1607 571 1686 612 quia
1713 571 1764 602 vel
1790 582 1852 613 per
1887 572 1955 603 hoc
1988 571 2171 614 impeditur

700 628 828 669 aliquid
869 628 990 660 melius
1030 628 1082 659 vel
1131 628 1231 659 ctiam
1282 628 1502 659 induceretur
1533 628 1672 669 aliquod
1722 629 1858 666 malum,
1907 630 2009 661 habet
2056 629 2169 660 locum

700 686 925 727 dispensatio.

788 744 865 775 Non
900 743 1077 785 expediret
1102 749 1215 774 alutem
1249 744 1343 784 quod
1381 744 1447 775 hoc
1480 743 1607 774 iudicio
1643 750 1675 774 et
1709 744 1870 785 potestati
1897 743 2171 785 uniuscuiusque

700 801 956 842 relinqueretur.
992 800 1032 832 Et
1059 801 1137 833 ideo
1169 801 1226 842 qui
1260 807 1396 842 praeest
1423 800 1628 832 multitudini
1655 801 1758 832 habet
1790 801 1992 843 dispensare
2025 801 2058 833 in
2094 801 2171 844 lege

700 860 850 890 humana
869 869 958 900 quae
983 869 1066 889 suae
1088 858 1280 890 auctoritati
1301 858 1463 895 innititur,
1491 864 1525 889 ut
1553 858 1683 889 scilicet
1711 858 1743 889 in
1770 858 1929 900 personis
1955 859 2006 890 vel
2032 858 2171 890 casibus

699 917 732 948 in
758 916 884 958 quibus
901 917 953 948 lex
975 916 1090 947 deficit
1116 915 1250 957 dirigat,
1272 921 1304 947 et
1330 915 1501 947 licentiam
1531 916 1656 947 tribuat
1676 922 1710 947 ut
1736 922 1960 958 praeceptum
1986 915 2074 956 legis
2100 926 2171 948 non

699 980 863 1005 servetur.
890 974 925 1005 Si
959 979 1073 1005 autem
1105 974 1238 1015 absque
1269 973 1402 1004 ratione
1436 985 1497 1015 pro
1529 973 1603 1004 sola
1637 974 1811 1005 voluntate
1837 974 2008 1005 licentiam
2035 973 2171 1012 tribuat,

699 1042 769 1063 non
796 1031 857 1063 erit
893 1031 1003 1064 tidelis
1035 1031 1265 1073 dispensator,
1291 1031 1352 1062 sed
1383 1031 1532 1062 crudelis
1561 1031 1757 1073 dissipator.
1787 1033 1875 1062 Cum
1901 1031 1991 1062 enim
2017 1031 2114 1072 leges
2138 1037 2172 1063 et

699 1089 772 1120 iura
804 1089 1002 1121 communia
1043 1088 1295 1121 constituantur
1333 1096 1473 1130 propter
1509 1089 1639 1120 bonum
1676 1100 1873 1126 commune,
1909 1089 2052 1129 quando
2093 1099 2171 1120 cum

699 1147 814 1188 aliquo
847 1146 1068 1188 dispensatur
1101 1152 1135 1178 ut
1167 1146 1279 1186 legem
1306 1157 1525 1178 communem
1555 1157 1624 1177 non
1655 1153 1777 1181 servet,
1807 1157 1876 1177 non
1906 1147 2010 1177 debet
2035 1146 2106 1177 fieri
2136 1145 2169 1177 in

699 1204 948 1247 praeiudicium
979 1204 1060 1236 iuris
1091 1204 1295 1242 eommunis,
1328 1204 1390 1235 sed
1424 1210 1459 1235 ut
1491 1204 1534 1234 ad
1567 1204 1696 1235 bonum
1723 1214 1908 1235 commune
1938 1203 2023 1245 proti
2057 1205 2062 1244 Ι
2094 1203 2170 1236 ciat.

700 1261 864 1303 Alioquin
897 1261 1112 1304 dispensatio
1137 1272 1208 1292 non
1243 1262 1341 1298 valet,
1378 1261 1457 1302 quia
1491 1261 1522 1292 in
1556 1261 1681 1292 talibus
1715 1272 1804 1302 quae
1833 1261 1926 1293 dicto
1955 1262 2060 1293 modo
2089 1267 2169 1293 sunt

700 1320 789 1351 mala
818 1320 1010 1351 secundum
1037 1330 1084 1357 se,
1103 1326 1135 1351 et
1161 1330 1231 1350 non
1256 1319 1367 1350 solum
1393 1318 1472 1359 quia
1499 1318 1671 1360 prohibita
1699 1318 1777 1350 ideo
1803 1319 2039 1360 prohibentur=
2066 1319 2171 1360 [quia]

700 1378 788 1408 mala
820 1376 1035 1419 dispensatio
1061 1377 1198 1419 proprie
1232 1387 1301 1408 non
1336 1376 1416 1407 t‘acit
1449 1377 1492 1408 de
1525 1377 1615 1408 malo
1641 1377 1769 1408 honum
1797 1387 1837 1407 ex
1871 1383 1967 1418 parte
2000 1376 2046 1409 rei
2081 1377 2172 1408 circa

701 1446 803 1476 quam
830 1435 865 1466 lit
889 1434 1115 1476 dispensatio,
1141 1435 1202 1465 sed
1229 1435 1340 1465 solum
1367 1445 1406 1465 ex
1434 1440 1529 1475 parte
1555 1434 1641 1474 legis
1667 1434 1719 1465 vel
1749 1434 1876 1470 statuti,
1904 1434 2171 1476 prohibitionem

700 1493 734 1524 in
760 1498 926 1534 quantum
953 1498 1004 1524 est
1033 1493 1076 1523 ab
1105 1491 1245 1523 homine
1263 1492 1454 1523 auferendo
1472 1498 1505 1523 et
1530 1503 1601 1523 non
1628 1491 1796 1523 rationem
1816 1491 2058 1533 prohibitionis
2083 1503 2172 1534 quae

701 1557 752 1582 est
777 1550 942 1582 naturalis
967 1550 1039 1582 sive
1072 1550 1264 1582 secundum
1298 1555 1424 1582 rectam
1451 1549 1619 1581 rationem
1653 1560 1694 1581 ex
1733 1556 1828 1591 parte
1861 1549 1908 1581 rei
1945 1549 2172 1589 immutando,

700 1609 762 1641 sed
787 1608 993 1641 determinat
1010 1608 1043 1640 in
1069 1619 1138 1649 quo
1164 1618 1247 1640 casu
1273 1608 1324 1639 lex
1351 1607 1476 1645 deficit,
1494 1614 1527 1639 et
1545 1607 1578 1639 in
1597 1618 1666 1648 quo
1685 1618 1754 1639 non
1774 1607 1976 1639 intendebat
1997 1607 2175 1650 legislator

701 1667 818 1709 ligare.
845 1667 951 1707 Quod
983 1665 1122 1707 quidem
1160 1676 1238 1697 cum
1275 1676 1315 1697 ex
1349 1672 1444 1707 parte
1470 1665 1516 1697 rei
1553 1671 1605 1697 est
1639 1666 1778 1703 bonum,
1812 1665 1902 1697 licite
1927 1665 2024 1697 fieret
2055 1671 2173 1697 aucto-

700 1724 798 1756 ritate
849 1723 1035 1765 singularis
1088 1734 1270 1765 personae,
1313 1723 1340 1754 si
1388 1723 1575 1765 prohibitio
1627 1723 1714 1765 legis
1766 1724 1818 1755 vel
1866 1722 2054 1765 superioris
2101 1733 2171 1755 non

701 1783 863 1814 obstaret.

790 1840 973 1880 Quaedam
1006 1845 1120 1871 autem
1154 1845 1234 1870 sunt
1266 1839 1345 1870 talia
1371 1839 1464 1880 quod
1499 1839 1690 1870 secundum
1729 1849 1766 1870 se
1791 1849 1862 1870 non
1898 1845 1977 1870 sunt
2003 1839 2095 1870 bona
2120 1839 2173 1870 vel

700 1898 789 1929 mala
822 1897 922 1929 dictis
947 1897 1069 1935 modis,
1102 1897 1164 1929 sed
1203 1903 1283 1928 sunt
1320 1896 1519 1938 simpliciter
1555 1896 1795 1928 indifferentia.
1833 1898 2011 1937 Quantum
2048 1902 2101 1928 est
2131 1907 2174 1928 ex

700 1961 822 1987 natura
840 1955 898 1993 rei,
924 1960 1072 1997 possunt
1090 1960 1204 1986 tamen
1230 1965 1309 1986 esse
1327 1955 1418 1986 bona
1445 1955 1497 1986 vel
1517 1955 1604 1985 mala
1622 1964 1683 1996 per
1707 1954 1872 1986 accidens
1897 1954 1969 1986 sive
1995 1964 2056 1996 per
2080 1954 2174 1986 aliud

700 2013 735 2044 in
760 2013 882 2045 ordine
913 2013 956 2044 ad
985 2012 1088 2044 aliud.
1115 2012 1156 2044 Et
1191 2022 1296 2054 super
1333 2012 1404 2043 istis
1430 2012 1531 2043 etiam
1566 2018 1645 2043 sunt
1673 2012 1844 2053 quaedam
1878 2017 2005 2043 statuta
2037 2011 2172 2055 legalia,

701 2071 800 2102 cuius
828 2071 999 2112 estquod
1031 2070 1114 2102 feria
1147 2076 1244 2101 sexta
1277 2080 1295 2101 a
1328 2069 1491 2101 carnibus
1523 2069 1737 2101 abstineatur
1762 2069 1794 2100 in
1828 2069 2020 2101 reverentia
2045 2069 2173 2101 Christi

700 2129 758 2160 illo
785 2128 839 2160 die
872 2127 1044 2170 patientis,
1074 2127 1187 2169 qualia
1217 2127 1318 2159 etiam
1344 2134 1441 2159 erant
1471 2128 1567 2169 plura
1585 2127 1843 2158 caerimonialia
1861 2127 1894 2158 in
1921 2127 2008 2169 lege.
2035 2127 2173 2158 Etcum

700 2186 780 2218 talia
805 2187 935 2217 cadunt
959 2187 1024 2217 sub
1053 2191 1241 2227 praecepto
1266 2185 1364 2227 legis,
1394 2190 1508 2227 potest
1540 2184 1612 2217 lieri
1637 2185 1687 2217 sic
1715 2185 1940 2227 dispensatio,
1969 2185 2064 2226 quod
2091 2184 2174 2216 illud

701 2244 796 2285 quod
821 2249 914 2275 esset
945 2244 1071 2275 malum
1105 2244 1157 2274 vel
1191 2243 1343 2275 illicitum
1377 2242 1452 2274 sine
1484 2242 1748 2284 dispensatione
1780 2248 1922 2284 propter
1945 2242 2033 2284 legis
2058 2241 2173 2284 prohi-

701 2301 877 2338 bitionem,
896 2301 932 2332 fit
952 2302 1082 2332 bonum
1101 2301 1173 2332 sive
1199 2311 1271 2332 non
1290 2301 1416 2332 malum
1442 2301 1495 2332 vel
1521 2300 1647 2332 licitum
1666 2311 1728 2342 per
1745 2300 1853 2331 solam
1875 2299 2172 2342 dispensationem

701 2358 827 2391 dietam
853 2358 1121 2401 prohibitionem
1151 2364 1379 2396 amoventem,
1410 2369 1452 2390 eo
1477 2358 1570 2399 quod
1599 2358 1792 2389 secundum
1819 2368 1856 2390 se
1885 2363 1936 2389 est
1961 2357 2173 2396 indifferens,

701 2427 767 2449 nec
792 2422 885 2449 esset
909 2416 1035 2448 malum
1062 2416 1296 2458 prohibitione
1321 2422 1435 2447 stante
1460 2415 1526 2447 nisi
1551 2415 1685 2447 ratione
1711 2415 1965 2457 prohibitionis.

790 2474 879 2506 Sunt
903 2484 988 2516 ergo
1014 2474 1046 2505 in
1081 2474 1244 2505 universo
1271 2474 1441 2515 quaedam
1467 2474 1560 2505 bona
1585 2473 1639 2504 vel
1668 2473 1757 2504 mala
1786 2473 1978 2505 secundum
2013 2483 2061 2511 se,
2093 2471 2174 2514 quia

701 2542 742 2564 ex
766 2537 889 2563 natura
913 2542 977 2563 sua
1001 2531 1144 2563 omnino
1162 2538 1242 2563 sunt
1267 2531 1494 2563 determinata
1519 2531 1563 2562 ad
1588 2530 1828 2562 rectitudinem
1846 2531 1900 2562 vel
1926 2529 2173 2572 obliquitatem,

700 2595 738 2621 ut
768 2600 840 2621 non
872 2589 1033 2621 occidere
1065 2589 1299 2627 innocentem,
1329 2590 1501 2620 honorare
1529 2594 1661 2630 patrem
1687 2594 1721 2620 et
1745 2594 1870 2626 cetera,
1888 2587 2014 2620 debitis
2031 2587 2174 2619 circum-

702 2646 835 2679 stantiis
875 2646 1048 2678 adhibitis.
1090 2647 1272 2687 Quaedam
1313 2652 1427 2678 autem
1467 2651 1548 2677 sunt
1586 2647 1681 2677 bona
1719 2646 1773 2677 vel
1812 2646 1902 2677 mala
1949 2645 2061 2677 solum
2093 2644 2175 2686 quia

703 2705 863 2737 ordinata
895 2704 1098 2737 auctoritate
1130 2704 1318 2746 superioris
1342 2704 1397 2736 vel
1430 2703 1612 2746 prohibita,
1645 2709 1679 2735 et
1718 2703 1752 2735 in
1791 2702 1864 2735 istis
1892 2708 1945 2735 est
1976 2703 2062 2735 ordo
2093 2702 2174 2744 quia
