2493 3458
658 424 710 449 :346
739 443 741 445 .
903 428 907 431 ’
1015 422 1204 450 MAGlSTRl
1243 423 1463 449 GODEF'RIDI
1492 423 1543 450 DE
1572 422 1769 451 FONTIBUS

747 511 793 538 Ad
825 511 967 538 rationem
993 511 1021 538 in
1053 511 1221 547 oppositum
1253 511 1408 538 dicendum
1441 511 1519 546 quod
1551 511 1620 538 licet
1651 511 1792 538 diminute
1823 511 1913 539 faciat
1943 511 1986 538 sic
2018 511 2129 539 innam

659 563 797 594 quantum
826 559 863 586 ad
895 559 988 586 illud¹
1017 559 1096 594 quod
1125 558 1288 595 proposuit,
1316 567 1374 586 non
1402 563 1499 586 tamen
1528 559 1669 586 diminute
1698 558 1769 586 facit
1797 563 1936 595 quantum
1967 559 2005 586 ad
2038 559 2132 587 illud·

659 607 737 642 quod
758 607 848 639 vovit,
868 606 935 642 quia
955 611 1047 633 totum
1062 607 1073 622 ⁸
1093 606 1172 642 quod
1193 606 1273 633 vovit
1293 606 1395 642 implet
1409 608 1418 622 ¹
1437 611 1467 634 et
1487 606 1554 633 ideo
1574 607 1714 634 liberatur
1733 615 1750 633 a
1770 612 1840 634 voto
1855 608 1872 634 ⁵.

1183 809 1448 845 QUAsssTlo
1480 809 1612 836 xvi11

1315 887 1477 912 (natvm).

747 983 855 1010 Is'trum
875 983 906 1009 in
926 982 1051 1009 solemni
1068 984 1134 1008 voto
1151 982 1352 1008 continentiae
1367 982 1461 1017 possit
1479 982 1522 1008 sic
1540 982 1710 1018 dispensari
1729 982 1806 1016 quod
1824 981 1974 1016 obligatus
1993 981 2050 1007 tali

883 1033 949 1057 voto
963 1030 1059 1066 possit
1074 1033 1130 1066 per
1149 1030 1398 1066 dispensationem
1419 1029 1592 1056 contrahere
1613 1029 1840 1055 ηιηίνίιηοηίκηι
1854 1031 1903 1061 (1).

747 1164 794 1191 Ad
826 1164 986 1191 secundum
1015 1163 1057 1190 sic
1086 1163 1263 1199 proceditur,
1291 1168 1321 1190 et
1350 1163 1481 1196 arguitur
1508 1162 1587 1198 quod
1619 1163 1647 1189 in
1678 1163 1801 1189 solemni
1831 1167 1900 1189 voto
1932 1162 2132 1189 continentiae

658 1221 716 1239 non
742 1212 835 1248 possit
861 1211 1033 1247 dispensari,
1054 1212 1122 1246 quia
1154 1211 1240 1238 Extra
1269 1211 1306 1238 de
1334 1216 1412 1237 statu
1440 1211 1647 1237 monachorum
1663 1212 1712 1243 (2),
1740 1210 1846 1237 dicitur
1874 1210 1954 1246 quod
1981 1210 2133 1237 abdicatio

659 1260 847 1296 proprietatis
872 1260 946 1286 sicut
972 1264 1000 1286 et
1024 1259 1158 1286 custodia
1179 1258 1330 1291 castitatis,
1350 1258 1425 1285 adeo
1452 1263 1496 1285 est
1522 1267 1636 1285 annexa
1656 1258 1775 1294 regulae
1795 1258 1959 1285 monachali
1979 1263 2011 1284 ut
2030 1262 2132 1285 contra

659 1317 723 1334 eam
744 1317 798 1334 nec
812 1308 822 1323 ⁰
841 1316 970 1334 summus
990 1306 1122 1342 pontifex
1139 1307 1147 1322 ⁷
1166 1311 1264 1342 potest
1284 1306 1430 1333 licentiam
1452 1306 1612 1341 indulgere.

748 1356 865 1382 Contra.
887 1355 968 1390 Papa
990 1354 1141 1390 dispensat
1161 1354 1188 1380 in
1213 1359 1282 1380 voto
1305 1354 1513 1381 oboedientiae
1533 1354 1651 1389 quando
1672 1353 1741 1380 facit
1761 1353 1930 1387 religiosum
1951 1353 2134 1389 episcopum,

659 1403 726 1438 quia
752 1408 819 1430 tunc
846 1402 1008 1429 absolvitur
1028 1403 1064 1428 ab
1091 1402 1278 1428 oboedientia
1299 1402 1415 1428 abbatis
1435 1402 1481 1428 vel
1509 1401 1621 1437 prioris.
1641 1401 1701 1428 Sed
1722 1406 1820 1428 votum
1846 1400 2054 1428 oboedientiae
2073 1409 2132 1427 non

659 1456 703 1477 est
723 1451 818 1477 minus
838 1455 907 1477 voto
922 1451 932 1466 ⁸
951 1450 1156 1477 continentiae.
1177 1450 1254 1485 Ergo
1274 1455 1303 1476 et
1323 1454 1429 1476 cetera.

748 1498 924 1534 Respondeo
957 1498 1112 1524 dicendum
1145 1497 1317 1533 simpliciter
1346 1497 1424 1533 quod
1451 1497 1487 1523 ad
1513 1497 1730 1524 reformandum
1757 1506 1859 1532 pacem
1887 1497 1935 1522 ubi
1968 1496 2132 1523 immineret

659 1546 818 1581 periculum
840 1550 869 1572 et
889 1546 1094 1581 perturbatio⁰
1115 1545 1264 1572 Ecclesiae
1291 1545 1336 1571 vel
1364 1545 1392 1571 in
1419 1545 1516 1580 aliquo
1542 1545 1592 1571 tali
1619 1553 1697 1576 casu,
1717 1548 1815 1580 potest
1842 1543 2007 1579 dispensari
2033 1544 2061 1570 in
2081 1543 2132 1570 tali

659 1599 736 1620 voto.
758 1594 793 1620 Et
816 1594 871 1620 hoc
888 1595 908 1609 ¹⁰
927 1593 1090 1620 ostenditur
1113 1593 1162 1619 tali
1186 1593 1306 1619 ratione.
1327 1593 1404 1627 Quia
1429 1592 1453 1619 si
1479 1601 1536 1618 non
1563 1597 1664 1628 posset
1683 1591 1846 1627 dispensari
1867 1591 1895 1618 in
1919 1591 1968 1618 tali
1989 1596 2069 1622 voto,
2083 1595 2132 1617 aut

657 1643 713 1669 hoc
740 1647 784 1668 est
810 1646 931 1677 propter
956 1642 1010 1667 hoc
1037 1641 1116 1676 quod
1142 1650 1200 1667 non
1225 1646 1323 1676 potest
1352 1640 1568 1675 recompensari
1595 1649 1646 1675 per
1673 1648 1767 1675 aeque
1799 1640 1907 1666 bonum
1941 1639 1986 1666 vel
2019 1639 2132 1670 melius

658 1695 707 1716 aut
727 1694 847 1725 propter
866 1694 966 1715 votum
993 1694 1042 1715 aut
1068 1693 1187 1724 propter
1213 1689 1427 1715 solemnitatem
1448 1688 1515 1714 voti.
1537 1687 1596 1714 Sed
1622 1688 1731 1714 nullum
1758 1687 1879 1713 istorum
1900 1686 2030 1722 impedit.
2052 1687 2129 1722 Ergo

658 1742 686 1764 et
706 1742 813 1764 cetera.
834 1737 925 1764 Maior
946 1741 1044 1772 patet:
1065 1736 1158 1763 minor
1178 1737 1319 1772 probatur
1338 1741 1476 1771 quantum
1497 1735 1534 1762 ad
1554 1735 1608 1762 tria
1629 1744 1704 1770 quae
1724 1735 1814 1770 ponit.

748 1786 781 1812 Et
801 1785 895 1820 primo
921 1785 1000 1820 quod
1020 1793 1078 1811 non
1099 1784 1255 1819 impeditur
1275 1783 1457 1819 dispensatio
1483 1783 1511 1810 in
1538 1783 1588 1809 tali
1611 1788 1688 1814 voto,
1708 1782 1776 1818 quia
1796 1791 1854 1809 non
1875 1782 1968 1817 possit
1983 1783 2000 1797 ¹¹
2021 1790 2132 1808 recom-

657 1833 773 1868 pensari
793 1842 846 1868 per
865 1841 958 1868 aeque
978 1833 1086 1858 bonum
1107 1832 1153 1858 vel
1179 1831 1280 1858 maius.
1306 1831 1383 1866 Quia
1409 1831 1560 1866 virginitas
1586 1831 1631 1857 vel
1658 1830 1838 1857 continentia
1863 1829 2043 1856 monachalis
2073 1838 2130 1856 non

657 1887 702 1908 est
727 1881 763 1907 de
784 1881 911 1907 essentia
937 1880 1051 1907 virtutis
1077 1879 1275 1907 continentiae
1292 1880 1311 1895 '²
1340 1885 1479 1914 quantum
1503 1879 1539 1905 ad
1566 1879 1594 1905 id
1617 1878 1695 1914 quod
1721 1877 1848 1914 pertinet
1873 1877 2074 1913 principaliter
2093 1877 2130 1903 ad

656 1929 868 1965 perfectionem
895 1928 1090 1955 necessariam
1118 1927 1196 1954 vitae
1221 1928 1373 1956 humanae,
1394 1927 1445 1954 sed
1465 1932 1510 1953 est
1538 1926 1656 1962 quidam
1685 1926 1794 1960 gradus
1819 1925 2010 1952 accidentalis
2029 1933 2131 1960 super-

657 1977 774 2004 additus
803 1977 877 2003 sicut
909 1976 1056 2003 abstinere
1084 1985 1099 2002 a
1131 1975 1268 2002 carnibus
1299 1984 1357 2001 non
1390 1979 1434 2001 est
1465 1975 1502 2001 de
1530 1974 1657 2001 essentia
1687 1973 1749 2000 eius
1781 1974 1808 2000 in
1841 1982 1898 2008 quo
1931 1972 2131 2008 principaliter

657 2025 789 2052 consistit
821 2025 912 2051 virtus
943 2024 1147 2056 abstinentiae,
1178 2023 1230 2050 secl
1262 2028 1307 2049 est
1333 2023 1480 2058 quoddam
1513 2022 1696 2049 accidentale
1727 2021 1867 2053 additum,
1899 2025 2020 2056 propter
2051 2019 2131 2055 quod

657 2073 819 2100 caelibatus
857 2072 1029 2099 Iohannis¹³
1065 2081 1123 2098 non
1155 2071 1319 2107 praefertur
1350 2070 1536 2097 matrimonio
1573 2070 1720 2096 Abrahae.
1752 2069 1811 2096 Sed
1843 2069 1936 2095 vitare
1969 2068 2130 2103 periculum

657 2121 821 2148 discordiae
854 2130 889 2147 ex
920 2128 977 2155 qua
1008 2124 1109 2155 posset
1138 2118 1300 2154 perturbari
1330 2119 1462 2145 Ecclesia
1477 2120 1516 2151 (3)
1550 2122 1579 2144 et
1607 2117 1767 2144 reformare
1793 2125 1896 2152 pacem
1929 2116 1957 2142 in
1989 2115 2040 2142 tali
2060 2124 2130 2142 casu

657 2173 701 2195 est
736 2169 807 2195 satis
823 2170 842 2184 ¹¹
878 2167 971 2194 maius
1003 2168 1110 2194 bonum
1145 2175 1231 2202 quain
1249 2168 1268 2182 ¹⁵
1299 2166 1369 2192 illud
1399 2166 1582 2193 accidentale
1613 2165 1832 2201 superadditum
1852 2164 1872 2180 ¹⁶
1902 2172 1992 2199 super
2022 2164 2130 2190 bonum

657 2216 853 2243 continentiae
892 2215 1061 2250 coniugalis.
1102 2215 1178 2249 Ergo
1215 2219 1314 2249 potest
1351 2214 1410 2240 tale
1433 2214 1452 2230 ¹⁷
1484 2213 1666 2240 accidentale
1704 2211 1922 2247 recompensari
1954 2219 2008 2247 per
2038 2211 2131 2238 maius

656 2265 764 2291 bonum
781 2265 808 2290 ¹⁸.
835 2264 947 2290 Bonum
977 2263 1053 2289 enim
1083 2271 1242 2289 commune
1257 2264 1277 2277 ¹¹²
1304 2262 1408 2288 melius
1435 2266 1480 2288 est
1507 2266 1537 2288 et
1566 2261 1692 2287 divinius
1721 2269 1806 2296 quam
1835 2260 1944 2286 bonum
1975 2259 2132 2295 singularis

747 2398 798 2425 'id
818 2398 850 2424 C.
871 2413 903 2417 —
924 2398 934 2413 ‘³
947 2397 976 2424 id
996 2397 1110 2424 scilicet
1130 2396 1162 2423 C.
1184 2412 1216 2415 ——
1236 2397 1246 2411 ³
1259 2400 1360 2422 votum
1381 2395 1413 2422 C.
1433 2410 1466 2414 -—
1487 2396 1496 2410 ⁴
1510 2393 1643 2430 implevit
1663 2393 1696 2421 C.
1717 2409 1749 2413 —
1770 2394 1781 2409 ⁵
1796 2398 1922 2430 peccato
1936 2392 1968 2420 C.
1983 2409 2016 2412 —
2035 2393 2047 2408 ⁸
2065 2401 2130 2420 eam

655 2444 719 2477 nec]
739 2451 806 2469 eum
826 2441 859 2469 C.
879 2457 913 2461 —-
934 2442 943 2456 ⁷
955 2450 1014 2468 non
1032 2441 1101 2467 add.
1122 2440 1154 2467 C.
1176 2456 1208 2459 —
1229 2440 1239 2455 ⁸
1253 2444 1352 2466 votum
1373 2447 1459 2474 quam
1479 2442 1581 2465 votum
1601 2437 1634 2465 C.
1654 2453 1687 2457 —-
1707 2438 1719 2453 ⁹
1732 2437 1860 2464 turbatio
1881 2437 1913 2464 C.
1933 2453 1966 2456 —
1988 2437 2010 2452 ²⁰
2022 2445 2077 2462 om.
2097 2436 2130 2463 C.

655 2502 687 2506 —
709 2488 728 2502 ¹¹
743 2490 845 2521 posset
865 2485 897 2512 C.
917 2501 950 2504 —
973 2485 993 2501 ¹⁵
1011 2483 1192 2511 monachalis
1212 2499 1244 2502 —
1263 2481 1471 2516 continentiae]
1491 2490 1545 2508 om.
1566 2481 1604 2515 S;
1623 2482 1694 2508 add.
1713 2488 1748 2508 21⁸
1767 2490 1805 2507 m.
1824 2481 1863 2514 S3
1883 2480 1936 2508 sed
1955 2481 2024 2506 add.
2044 2479 2077 2507 C.
2097 2495 2130 2499 —-

656 2536 677 2551 ¹³
689 2535 835 2562 lohannes
855 2534 887 2561 C.
907 2549 941 2553 —-
963 2534 983 2549 ¹⁰
1002 2529 1057 2559 sa?
1069 2532 1098 2559 S.
1119 2548 1151 2552 —
1173 2532 1194 2547 ¹⁵
1215 2531 1294 2567 quod
1313 2531 1342 2557 S.
1363 2547 1396 2550 —
1418 2531 1440 2546 ¹⁰
1459 2529 1589 2556 additum
1609 2529 1642 2557 C.
1662 2545 1696 2549 —
1717 2530 1738 2545 ¹⁷
1750 2537 1805 2556 om.
1826 2528 1859 2555 C.
1879 2544 1913 2548 —
1935 2529 1955 2544 ¹⁸
1967 2537 2023 2554 om.
2043 2527 2076 2555 C.
2096 2543 2130 2547 —

657 2580 677 2594 ¹⁹
691 2577 890 2606 continentiae
909 2576 965 2604 SC.

743 2682 782 2713 (l)
803 2679 863 2706 Cfr.
883 2687 931 2714 pp.
950 2679 1076 2705 288-291.
1107 2693 1139 2696 —
1168 2679 1207 2710 (2)
1228 2676 1288 2704 Cfr.
1309 2685 1336 2712 p.
1357 2677 1418 2709 288,
1438 2685 1464 2702 n.
1485 2677 1534 2708 (1).
1563 2691 1596 2694 —
1626 2676 1666 2708 (3)
1687 2675 1773 2709 Quae
1800 2674 2000 2708 insequuntur
2024 2673 2129 2699 desum

654 2725 685 2750 in
705 2724 765 2750 cod.
785 2723 816 2750 P.
