2493 3458
644 418 693 445 166
1005 419 1195 446 MAGISTRI
1225 419 1445 446 GODEFRIDI
1477 420 1526 446 DE
1556 419 1752 447 FONTIBL'S

643 509 798 550 sequitur
822 509 915 550 quod
942 520 1020 541 esst·
1046 509 1248 541 existentiae
1278 521 1314 540 se
1345 510 1447 540 habi-t
1477 510 1519 541 arl
1549 510 1734 541 essentiam
1767 516 1802 541 ut
1830 510 1994 542 accidens
2023 520 2115 542 com-

643 578 755 598 mune.
794 567 891 599 Sicut
920 566 1010 599 enim
1040 567 1100 598 re¹
1136 567 1249 608 aliqua
1285 578 1353 598 non
1393 567 1560 598 existente
1598 579 1740 609 possum
1777 567 1886 609 ipsam
1924 567 2114 609 intelligere

643 635 712 656 non
741 636 818 655 esse
848 630 880 656 et
909 635 979 656 non
1021 625 1131 656 solum
1161 625 1234 656 sine
1273 636 1350 655 esse
1380 624 1592 662 existentiae,
1627 625 1670 656 ita
1702 625 1802 657 etiam
1836 625 1910 667 ipsa
1944 625 2112 657 existente

643 682 669 714 si
699 693 777 714 esse
806 682 1008 714 existentiae
1038 693 1106 714 non
1138 682 1283 724 pertinet
1309 684 1319 698 ²
1356 683 1399 714 ad
1432 682 1505 714 eius
1544 694 1620 714 esse
1654 683 1837 721 essentiae,
1866 683 1970 714 immo
1999 682 2049 715 sic
2077 694 2114 714 se

643 741 746 772 habet
783 741 826 771 ad
863 740 975 782 ipsum
1011 741 1105 781 quud
1143 740 1223 771 illud
1254 746 1368 782 potest
1403 740 1545 781 intelligi
1581 741 1645 771 sub
1684 741 1847 782 opposito
1879 740 1964 779 eius,
1993 740 2118 782 poterit

643 810 697 830 res
736 798 888 830 existens
908 799 918 813 ³
953 797 1095 839 intelligi
1125 809 1195 829 non
1226 810 1303 829 esse
1337 798 1438 829 etiam
1469 809 1530 839 pru
1560 804 1716 839 tempore
1751 809 1812 840 pro
1843 810 1913 839 quo
1942 804 2005 837 est,
2030 798 2119 830 sicut

643 856 770 888 dictum
801 861 852 887 est
880 856 923 887 (16
952 866 1067 887 corvo.
1105 855 1199 887 Licet
1234 855 1323 887 enim
1354 866 1480 887 corvus
1510 856 1541 887 in
1573 862 1739 896 quantum
1778 855 1876 898 niger
1907 866 1979 887 non
2009 855 2119 897 possit

643 925 714 946 non
755 913 897 955 intelligi
933 913 1031 955 niger
1071 919 1103 945 et
1135 913 1230 945 nullo
1271 914 1374 945 modo
1408 914 1531 951 nitens,
1572 915 1651 956 quia
1684 921 1799 946 tamen
1840 914 1986 957 nigredo
2026 914 2119 946 dicto

643 972 750 1003 modo
790 982 827 1003 se
858 972 962 1003 habet
993 971 1036 1002 ad
1070 971 1192 1013 ipsum,
1225 971 1304 1002 ideo
1345 978 1459 1013 potest
1496 972 1637 1013 intvlligi
1675 983 1744 1003 non
1778 972 1886 1013 niger,
1920 972 2020 1004 etiam
2056 982 2119 1014 pro

644 1035 799 1072 tempore
828 1040 897 1070 quo
923 1034 975 1061 est
1003 1028 1110 1070 niger.
1138 1029 1184 1060 lta
1213 1028 1313 1060 etiam
1344 1040 1398 1060 res
1427 1029 1589 1068 existens,
1607 1030 1686 1061 licet
1715 1030 1747 1061 in
1773 1035 1940 1071 quantum
1967 1029 2120 1062 existens

644 1098 715 1119 non
749 1087 859 1129 possit
898 1098 976 1119 esse
1009 1097 1073 1118 nec
1107 1086 1248 1127 intelligi
1283 1098 1351 1118 non
1393 1087 1556 1126 existens,
1598 1093 1711 1119 tamen
1752 1087 1780 1118 si
1813 1087 1958 1119 existere
1998 1087 2048 1119 sic
2082 1097 2120 1119 se

645 1146 749 1177 habet
767 1145 810 1176 ad
840 1144 960 1186 ipsam,
989 1150 1023 1176 ut
1052 1144 1180 1176 (lictum
1210 1150 1271 1181 est,
1290 1144 1364 1186 ipsa
1394 1145 1517 1186 poterit
1547 1145 1647 1176 etiam
1675 1155 1737 1187 pro
1763 1150 1918 1187 tempore
1947 1144 2121 1177 existens⁴

645 1202 787 1243 intelligi
817 1213 887 1233 non
925 1202 1076 1233 existens
1104 1203 1237 1243 absque
1267 1202 1535 1234 inconvenienti.
1574 1203 1673 1233 Unde
1707 1202 1808 1234 etiam
1841 1202 1868 1234 si
1898 1213 2120 1244 quocumque

645 1260 820 1292 intellectu
849 1259 990 1291 materia
1015 1259 1124 1301 possit
1153 1259 1294 1300 intelligi
1325 1271 1387 1291 ens
1416 1260 1591 1305 ‹lumhlam
1622 1259 1654 1291 in
1685 1271 1722 1292 se
1750 1260 1826 1302 ipso
1862 1261 1927 1291 sul)
1957 1259 2121 1302 opposito

647 1317 758 1349 omnis
788 1318 918 1349 formae
947 1323 980 1349 et
1007 1328 1075 1348 non
1109 1317 1219 1348 solum
1253 1317 1327 1348 sin·-
1361 1317 1453 1348 omni
1484 1317 1602 1355 forma,
1641 1323 1760 1359 posset
1792 1317 1893 1350 etiam
1931 1328 2009 1349 esse
2045 1317 2121 1349 sine

647 1375 739 1408 omni
758 1375 877 1407 forma.
897 1375 1002 1415 Quod
1029 1374 1120 1406 enim
1149 1375 1199 1406 =sic
1229 1381 1342 1416 potest
1372 1374 1512 1415 intelligi
1532 1386 1602 1406 non
1628 1375 1739 1407 solum
1765 1374 1926 1418 negative
1950 1375 2025 1407 sine
2043 1374 2121 1414 alio,

647 1433 709 1465 sed
751 1433 853 1465 etiam
894 1432 1069 1474 privative,
1110 1433 1175 1463 sul)
1215 1432 1380 1474 opposito
1413 1432 1514 1464 etiam
1556 1443 1634 1465 esse
1679 1439 1793 1475 potest
1825 1433 1890 1464 sub
1923 1431 2122 1464 huiusmodi

647 1490 821 1533 opposito,
851 1496 886 1522 ut
915 1495 1008 1532 patet
1033 1490 1067 1522 in
1093 1490 1192 1522 dictis
1217 1490 1393 1532 exemplis
1429 1490 1466 1522 §i
1495 1497 1608 1522 autem
1635 1490 1769 1523 dicatur
1805 1491 1899 1532 quod
1923 1490 2003 1523 licet
2027 1495 2122 1522 extra

647 1549 857 1581 intellectum
875 1548 1048 1580 essentiae
1074 1548 1266 1579 secundum
1289 1559 1326 1579 se
1345 1547 1410 1580 sit⁵
1434 1559 1512 1580 esse
1537 1548 1741 1580 existentiae
1759 1547 1852 1580 dicto
1870 1548 1987 1587 modo,
2005 1553 2120 1580 tamen

647 1617 725 1639 esse
759 1606 883 1639 extra⁰
922 1606 1088 1638 rationem
1132 1606 1306 1638 essentiae
1346 1605 1524 1638 existentis
1565 1617 1634 1637 non
1675 1611 1737 1644 est,
1777 1612 1811 1638 et
1850 1606 1929 1638 ideo
1970 1605 2123 1638 essentia

648 1664 798 1697 existens
827 1674 892 1697 nec
920 1674 997 1696 esse
1026 1674 1092 1695 nec
1119 1663 1259 1705 intelligi
1290 1670 1404 1705 potest
1436 1664 1511 1695 sint·
1540 1663 1607 1698 illo,
1626 1664 1705 1696 licet
1730 1664 1923 1696 secundum
1953 1673 1991 1695 se
2024 1663 2121 1705 [non]

647 1722 768 1764 possit,
794 1733 865 1754 non
895 1722 994 1761 valet,
1024 1721 1104 1763 quia
1133 1721 1233 1753 etiam
1263 1721 1312 1753 sic
1342 1728 1436 1753 extra
1464 1722 1631 1754 rationem
1658 1721 1752 1754 corvi
1782 1721 1975 1754 secundum
2004 1731 2042 1753 se
2070 1726 2123 1753 est

648 1780 805 1823 nigredo,
835 1791 905 1811 non
936 1786 1049 1812 tamen
1077 1786 1170 1812 extra
1199 1779 1366 1811 rationem
1398 1779 1492 1811 corvi
1523 1779 1621 1821 nigri,
1641 1785 1674 1811 et
1702 1779 1804 1811 etiam
1833 1785 1927 1811 extra
1956 1778 2122 1811 rationem

647 1844 680 1871 et
699 1838 908 1871 intellectum
928 1837 1088 1869 materiae
1107 1843 1158 1869 est
1183 1838 1270 1869 haec
1297 1837 1406 1869 forma
1432 1837 1484 1868 vel
1505 1837 1569 1873 illa,
1595 1848 1666 1868 non
1692 1843 1806 1870 tamen
1833 1843 1927 1869 extra
1956 1836 2123 1868 rationem

649 1896 811 1928 materiae
847 1895 896 1928 sic
932 1895 1146 1927 informatae.
1174 1895 1419 1927 Verumtamen
1452 1896 1519 1926 hoc
1553 1906 1622 1926 non
1655 1896 1817 1926 obstante
1850 1894 1997 1926 dicimus
2029 1894 2123 1936 quod

649 1954 789 1986 materia
817 1959 932 1996 potest
960 1964 1037 1985 esse
1066 1959 1098 1984 et
1128 1952 1267 1995 intelligi
1298 1952 1372 1984 sine
1405 1953 1460 1984 tali
1498 1953 1606 1984 forma
1638 1959 1671 1984 et
1709 1952 1810 1984 etiam
1847 1953 1912 1984 sul)
1951 1951 2123 1994 opposita.

649 2012 721 2044 Sed
747 2011 827 2053 quia
855 2011 997 2043 materia
1025 2022 1096 2042 non
1126 2017 1240 2052 potest
1270 2010 1413 2053 intelligi
1440 2011 1505 2042 sul)
1534 2010 1698 2052 opposito
1727 2010 1840 2042 omnis
1877 2010 2019 2048 formae,
2044 2009 2124 2041 ideo

649 2069 795 2102 dicimus
823 2069 917 2111 quod
946 2079 1017 2100 non
1046 2074 1161 2110 potest
1189 2079 1267 2100 esse
1298 2069 1349 2100 vel
1379 2068 1520 2109 intelligi
1547 2068 1579 2099 in
1608 2078 1684 2100 esse
1711 2067 1784 2099 sine
1811 2067 1905 2099 omni
1930 2067 2050 2099 forma.
2076 2067 2124 2098 Ita

649 2126 777 2160 etiam⁷
801 2127 936 2159 videtur
961 2126 994 2158 in
1021 2126 1201 2168 proposito
1227 2127 1473 2168 atlaptandurn.

739 2186 837 2217 Patet
865 2185 969 2228 igitur
997 2184 1116 2216 tertius
1144 2183 1318 2221 articulus,
1345 2183 1477 2215 scilicet
1505 2184 1599 2224 quod
1629 2195 1707 2215 esse
1737 2183 1819 2215 dicit
1847 2183 1880 2214 id
1910 2183 2000 2215 idem
2029 2182 2125 2224 quod

650 2243 811 2282 essentia,
830 2242 981 2274 videndo
1006 2242 1138 2274 scilicet
1155 2248 1260 2273 totam
1287 2241 1532 2273 deductionem
1559 2241 1684 2273 factam
1711 2252 1729 2272 a
1749 2241 1918 2282 principio
1935 2251 2004 2282 qua
2028 2250 2125 2282 prae-

650 2302 815 2334 cedentes
844 2300 975 2333 articuli
1006 2300 1234 2338 declarantur,
1264 2299 1390 2340 quibus
1422 2299 1614 2341 suppositis
1646 2298 1842 2331 evidentius
1870 2298 1934 2330 iste
1962 2298 2125 2330 articulus

651 2359 879 2392 concluditur.

738 2473 802 2506 His
827 2484 911 2516 ergo
929 2473 1010 2504 visis
1036 2472 1266 2504 declarandus
1285 2478 1336 2504 est
1353 2477 1496 2513 quartus
1514 2471 1687 2509 articulus,
1714 2471 1845 2503 scilicet
1873 2471 1968 2512 quod
1992 2470 2125 2503 ratione

651 2531 890 2574 productionis
915 2541 983 2572 qua
1018 2541 1073 2562 res
1108 2529 1253 2572 suscipit
1285 2540 1373 2568 esse,
1402 2540 1473 2561 non
1507 2535 1559 2561 est
1590 2529 1754 2571 ponenda
1787 2528 1994 2570 compositio
2025 2527 2126 2560 realis

652 2600 730 2622 esse
758 2595 791 2621 et
817 2589 925 2631 ipsius
950 2588 998 2620 rei
1027 2598 1116 2629 quae
1145 2587 1291 2629 suscipit
1319 2598 1408 2625 esse,
1427 2587 1560 2618 ratione
1588 2586 1687 2619 cuius
1716 2585 1979 2628 compositionis
2005 2585 2125 2629 negari

727 2721 795 2746 ¹0m.
807 2720 837 2745 P.
850 2735 882 2738 —
895 2718 1089 2754 ²pertinerent
1101 2717 1130 2744 P.
1143 2733 1175 2736 —
1187 2718 1256 2743 ³om.
1272 2717 1301 2743 P.
1314 2733 1346 2736 —
1359 2717 1518 2743 *existente
1530 2717 1592 2743 ΡΥ.
1605 2732 1636 2735 —-
1649 2717 1719 2742 5οηι.
1732 2716 1762 2742 Ρ.
1775 2732 1807 2735 -
1822 2716 1895 2742 ‘ortu
1906 2715 1937 2742 P.
1951 2731 1984 2734 —
1995 2715 2081 2750 'ergo
2092 2715 2126 2742 V.
