2493 3458
652 421 682 445 12
1025 418 1214 445 MAGISTRI
1235 418 1453 444 GODEFRIDI
1475 418 1524 444 DE
1547 418 1742 445 FONTIBL'S

650 512 702 540 est
719 507 917 549 negandum
944 507 1024 548 quin
1053 518 1094 539 ex
1123 507 1186 538 illis
1215 507 1375 538 deveniat
1393 506 1425 538 in
1454 507 1689 549 cognitionem
1723 507 1785 539 Dei
1813 514 1977 548 quantum
2003 508 2045 538 ad
2072 518 2113 538 ea

650 575 738 606 quae
767 564 831 596 sibi
859 564 1071 596 conveniunt
1099 565 1290 596 secundum
1320 575 1356 595 se
1386 570 1419 596 et
1443 565 1610 603 absolute,
1636 565 1723 596 sicut
1753 570 1845 606 patet
1875 576 1935 606 per
1959 575 1999 596 ea
2024 575 2112 606 quae

649 622 829 654 traduntur
857 624 890 653 in
908 621 1116 654 duodecimo
1139 621 1397 663 Metaphysicae
1415 624 1470 660 (l).
1491 622 1531 654 Et
1559 622 1750 654 secundum
1781 623 1847 653 hoc
1877 622 2113 664 metaphysica

649 679 762 712 verius
780 685 871 711 esset
888 679 1037 711 dicenda
1062 679 1205 711 scientia
1231 684 1263 711 et
1288 679 1400 711 verius
1425 685 1458 711 et
1483 679 1710 711 universalius
1735 679 1956 711 considerare
1974 680 2017 711 de
2037 680 2112 711 Deo

650 748 751 778 quarn
777 737 832 768 illa
857 747 945 778 quae
970 737 1167 769 considerat
1191 737 1235 769 de
1261 737 1336 769 Deo
1362 737 1472 768 solum
1499 737 1690 769 secundum
1713 737 1807 778 quod
1831 737 2043 779 glorificator
2061 737 2112 768 vel

649 795 846 827 defectuum
873 795 1060 836 suppletor.

738 852 829 890 Item,
859 851 887 882 si
919 852 1025 883 homo
1061 852 1176 893 lapsus
1209 862 1279 883 non
1318 851 1447 889 fuisset,
1481 851 1704 883 nihilominus
1740 859 1819 883 nata
1853 858 1945 884 esset
1969 852 2113 884 scientia

649 920 737 951 quae
763 909 879 941 esset¹
904 909 947 941 de
973 909 1057 941 Deo.
1077 909 1277 941 Secundum
1305 909 1419 950 plures
1445 909 1528 940 alias
1554 909 1703 940 rationes
1728 909 1829 941 etiam
1855 920 1874 940 a
1899 909 1988 941 fideli
2013 915 2045 940 et
2063 916 2114 941 est

1470 966 1480 983 ²
1505 978 1523 998 a
1549 966 1737 1008 prophetis,
1756 967 1921 1008 apostolis
1948 974 1979 998 et
2007 967 2113 999 sacris

649 966 897 1009 cognoscibilis
922 972 955 998 et
980 965 1130 998 creditus
1156 966 1263 999 fuisse
1288 966 1450 1007 cognitus

649 1023 859 1056 doctoribus.

694 1082 837 1123 Propter
869 1082 962 1122 quod
998 1081 1099 1123 aliqui
1125 1081 1264 1112 modum
1295 1081 1394 1113 istum
1422 1083 1658 1123 reprobantes,
1692 1083 1734 1113 ad
1763 1082 1960 1113 evitandum
1996 1082 2113 1113 incon-

650 1139 792 1171 veniens
810 1139 903 1180 quod
922 1139 955 1170 in
973 1145 1177 1181 argumento
1196 1139 1305 1180 primo
1324 1139 1506 1175 inducitur,
1526 1139 1643 1170 ‹licunt
1661 1140 1753 1180 quod
1782 1140 1876 1170 Deus
1899 1140 1963 1169 sul)
1983 1139 2113 1171 ratione

649 1196 778 1228 infinita
797 1201 908 1238 potest
926 1195 993 1228 dici
1010 1196 1202 1228 subiectum
1228 1196 1392 1227 scientiae
1418 1196 1607 1237 dupliciter.
1629 1197 1705 1227 Uno
1732 1197 1835 1227 morlo
1863 1202 1897 1227 ut
1922 1203 2113 1237 utrumque,

647 1254 779 1286 scilicet
807 1259 839 1285 et
866 1265 918 1285 res
951 1253 1025 1295 ipsa
1053 1264 1142 1295 quae
1175 1253 1270 1285 Deus
1299 1260 1349 1285 est
1383 1261 1414 1285 et
1445 1254 1517 1295 ipsa
1547 1254 1631 1285 ratio
1664 1254 1839 1285 infinitatis
1869 1254 1910 1284 sit
1939 1254 2112 1285 obiectum

648 1311 840 1346 scientiae2
877 1311 944 1343 alio
977 1311 1081 1342 modo
1126 1317 1160 1342 ut
1192 1312 1301 1342 solum
1338 1323 1392 1343 res
1433 1311 1588 1343 subiecta
1622 1311 1665 1342 illi
1692 1311 1813 1342 rationi
1848 1311 1889 1342 sit
1914 1311 2116 1342 obiectum³

648 1369 823 1407 scientiae,
853 1369 902 1401 sie
931 1374 1046 1401 tamen
1075 1374 1110 1400 ut
1139 1375 1190 1400 est
1218 1370 1282 1400 sul)
1311 1369 1443 1400 ratione
1473 1369 1657 1407 infinitatis,
1687 1376 1721 1399 ut
1751 1369 1825 1409 ipsa
1859 1368 2008 1400 infinitas
2042 1368 2114 1400 sive

648 1426 732 1459 ratio
760 1426 934 1458 infinitatis
959 1426 1001 1458 sit
1025 1426 1199 1467 quoddam
1226 1437 1397 1457 annexum
1424 1426 1562 1457 obiecto
1588 1426 1637 1457 sic
1662 1427 1755 1467 quod
1784 1437 1853 1457 nun
1879 1426 1921 1457 sit
1939 1426 2112 1458 obiectum

647 1485 712 1516 sub
730 1483 861 1516 ratione
886 1484 1076 1522 contraria3
1103 1483 1158 1515 illa
1182 1491 1296 1516 tamen
1323 1484 1407 1515 ratio
1434 1496 1502 1515 non
1529 1484 1570 1515 sit
1595 1484 1768 1515 obiectum
1795 1483 1971 1515 scientiae.
2000 1484 2114 1515 Primo

647 1542 752 1574 modo
781 1542 876 1573 Deus
903 1547 954 1573 est
982 1541 1154 1573 obiectum
1183 1552 1267 1573 suae
1296 1541 1460 1573 scientiae
1492 1541 1597 1572 solius
1622 1548 1655 1573 et
1690 1541 1801 1573 dissert
1827 1542 2017 1573 secundum
2048 1542 2115 1573 lioc

646 1599 791 1632 scientia
819 1599 882 1631 Dei
911 1609 1000 1640 quae
1031 1605 1082 1631 est
1110 1599 1153 1631 de
1182 1599 1258 1640 ipso
1287 1610 1306 1630 a
1338 1599 1481 1630 scientia
1514 1599 1690 1630 hominum
1718 1605 1751 1630 et
1776 1599 1977 1639 angelorum
2005 1610 2114 1640 penes

645 1656 865 1689 subiectu1n⁴
893 1657 1089 1689 absolutum
1118 1662 1151 1689 et
1176 1657 1448 1688 determinatum.
1480 1656 1519 1687 Et
1550 1668 1590 1688 ex
1619 1658 1687 1688 hoc
1717 1657 1929 1698 respondent
1958 1657 2113 1688 dicentes

647 1715 740 1756 quod
770 1714 913 1747 scientia
942 1713 1040 1746 cuius
1069 1714 1243 1746 obiectum
1273 1720 1324 1746 est
1355 1715 1449 1745 Deus
1479 1714 1631 1745 infinitus
1665 1715 1728 1745 sul)
1759 1715 1890 1745 ratione
1924 1714 2112 1747 infinitatis.

489 1776 552 1802 cod.
568 1777 592 1802 V
647 1778 682 1804 ut
707 1771 836 1804 scilicet
860 1772 935 1813 ipsa
959 1771 1044 1803 ratio
1063 1771 1238 1803 infinitatis
1256 1778 1307 1803 est
1324 1771 1509 1809 obiectum,
1528 1778 1578 1803 est
1595 1771 1735 1803 infinita.
1751 1783 1820 1802 non
1840 1778 1953 1803 autem
1973 1771 2027 1802 illa
2044 1771 2054 1787 ⁵
2090 1776 2093 1809 Ι

455 1811 569 1838 {01'253
582 1812 622 1838 Rb
646 1829 680 1862 in
706 1841 773 1872 qua
798 1829 883 1861 ratio
909 1829 1085 1861 infinitatis
1110 1835 1162 1861 est
1187 1840 1321 1861 annexa
1347 1829 1410 1870 ipsi
1436 1829 1584 1861 obiecto.

735 1887 805 1920 Sed
830 1887 894 1919 ista
922 1887 1096 1919 distinctio
1122 1897 1192 1919 non
1222 1886 1356 1919 videtur
1380 1886 1604 1924 conveniens,
1634 1897 1699 1918 nec
1728 1887 1771 1918 ad
1796 1887 2014 1918 evadendum
2045 1886 2113 1919 dic-

645 1951 716 1977 tum
741 1944 990 1977 inconveniens
1015 1944 1150 1976 videtur
1174 1944 1381 1976 necessaria.
1409 1944 1556 1975 Primum
1583 1950 1676 1985 patet
1700 1943 1780 1985 quia
1799 1943 1811 1959 ⁶
1835 1954 1912 1975 cum
1943 1943 2112 1975 infinitum

646 2002 834 2044 accipiatur
862 2013 925 2044 pro
945 2001 955 2018 ⁷
987 2002 1138 2043 quodam
1175 2001 1336 2033 attributo
1370 2001 1562 2043 pertinente
1603 2002 1646 2033 ad
1679 2001 1829 2032 divinam
1863 2001 2111 2042 perfectionem

646 2061 734 2093 sicut
761 2060 945 2092 aeternitas
964 2059 984 2099 Β,
1014 2059 1215 2101 simplicitas
1247 2065 1281 2091 et
1311 2059 1374 2090 alia
1408 2059 1615 2096 huiusmodi,
1645 2059 1733 2091 sicut
1766 2070 1837 2090 non
1866 2059 1990 2091 dicitur
2017 2059 2111 2100 quod

646 2119 742 2150 Deus
759 2117 802 2150 sit
819 2117 992 2150 obiectum
1010 2128 1094 2149 suae
1111 2116 1276 2149 scientiae
1301 2118 1365 2148 sul)
1391 2117 1524 2148 ratione
1549 2116 1759 2148 aeternitatis
1777 2117 1830 2148 vel
1848 2116 2075 2158 simplicitatis
2091 2116 2111 2154 ⁹,

645 2175 691 2207 ita
715 2175 816 2208 etiam
844 2185 910 2207 nec
934 2176 999 2207 sub
1024 2174 1157 2207 ratione
1181 2174 1366 2206 infinitatis.
1386 2174 1482 2206 Talia
1503 2169 1593 2206 enim
1619 2180 1779 2216 respectu
1807 2174 1870 2206 Dei
1896 2185 1967 2206 non
1993 2174 2113 2206 dicunt

646 2233 812 2265 rationem
844 2233 1021 2265 formalem
1053 2232 1209 2270 subiecti,
1246 2232 1308 2264 sed
1341 2232 1439 2273 quasi
1472 2232 1638 2273 quasdam
1673 2231 1901 2273 proprietates
1930 2232 1982 2264 vel
2013 2231 2110 2273 quasi

645 2291 813 2332 quasdam
838 2290 1019 2333 passiones
1044 2289 1161 2332 ipsius,
1185 2296 1424 2331 supponentes
1449 2290 1643 2321 subiectum
1668 2290 1862 2321 secundum
1888 2300 1985 2320 suam
2011 2289 2111 2320 ratio-

645 2359 724 2381 nem
760 2349 947 2387 formalem,
980 2347 1110 2379 nullum
1142 2347 1259 2379 talium
1292 2347 1487 2389 specialiter
1519 2347 1814 2383 determinantem,
1847 2346 1963 2378 omnia
1996 2352 2111 2378 tamen

646 2407 838 2438 secundum
873 2404 1185 2438 considerationem
1218 2404 1445 2436 universalem
1471 2411 1503 2436 et
1542 2405 1735 2436 absolutam
1769 2404 1967 2436 indistincte
2004 2404 2111 2436 inelu-

736 2549 741 2562 ¹
757 2556 821 2574 esse
841 2548 874 2579 V,
889 2547 943 2572 litt.
958 2551 968 2572 t
982 2547 1034 2572 del.
1055 2546 1084 2572 Ρ.
1108 2562 1138 2565 —-
1159 2547 1168 2561 '³
1182 2546 1308 2572 creditus
1331 2546 1358 2571 Ρ.
1374 2562 1405 2564 -
1420 2547 1430 2560 ³
1443 2547 1604 2572 subiectum
1622 2546 1650 2571 P.
1669 2562 1700 2564 ἡ
1719 2548 1724 2560 ¹
1739 2554 1821 2571 suum
1836 2545 1865 2570 P.
1886 2561 1918 2564 -—
1940 2546 1950 2559 ⁵
1964 2554 2018 2570 vm.
2033 2545 2063 2570 P.
2079 2561 2109 2563 —

645 2593 654 2606 ¹¹
669 2592 746 2626 quod
760 2591 789 2617 P.
808 2607 836 2610 α
855 2591 862 2605 ²
877 2599 933 2624 quo
948 2591 976 2616 P.
993 2606 1023 2609 -—
1039 2591 1049 2605 Β
1062 2590 1107 2616 vel
1122 2590 1189 2615 add.
1205 2590 1234 2615 Ρ.
1250 2606 1280 2609 -
1296 2591 1306 2604 ⁹
1320 2595 1348 2616 et
1363 2590 1416 2615 alia
1436 2606 1463 2608 —
1479 2589 1682 2623 simplicitatis]
1697 2599 1750 2614 mn.
1764 2589 1792 2614 P.

735 2716 771 2740 sl»
784 2714 993 2740 Aristotelis
1008 2713 1216 2748 illetapltrvm'ccu
1232 2713 1249 2738 l.
1266 2713 1304 2738 XI
1320 2712 1377 2743 (ed.
1393 2713 1526 2738 Bekkert.
