2493 3458
697 429 730 453 82
1061 426 1249 453 MAGISTRi
1280 426 1496 452 GODEFRlDl
1528 426 1578 452 DF.
1608 426 1803 452 FONTIBUS

697 516 893 549 immediate
922 515 1090 557 attingere
1120 514 1306 553 materiam,
1333 515 1477 546 formam
1506 515 1768 547 substantialem
1794 515 1990 547 immediate
2015 515 2048 548 in
2075 516 2168 547 nuda

697 574 838 606 materia
869 573 897 605 si
922 573 1167 616 praeexisteret
1200 572 1439 614 imprimendo,
1469 583 1534 604 nec
1567 572 1762 604 immediate
1793 579 1945 604 removet
1977 584 1996 604 a
2029 573 2169 605 materia

698 632 840 664 formam
877 630 1137 663 substantialem
1161 630 1178 668 ¹,
1212 630 1273 662 sed
1307 629 1416 672 primo
1457 635 1661 662 transmutat
1701 630 1876 662 materiam
1917 637 2083 672 quantum
2125 631 2169 662 ad

698 688 954 731 dispositiones,
973 695 1007 720 et
1034 688 1298 720 transmutando
1327 694 1359 719 et
1385 687 1607 729 disponendo
1632 698 1707 719 eam
1735 687 1867 719 inducit
1892 688 2046 719 formam.
2073 687 2171 720 Sicut

698 757 783 789 ergo
801 746 941 778 materia
959 757 1029 778 non
1055 745 1221 777 subicitur
1242 745 1358 787 agenti
1385 745 1450 777 nisi
1475 744 1555 786 quia
1580 745 1683 777 habet
1706 745 1955 787 dispositiones
1980 745 2171 777 contrarias

698 804 739 843 ei,
768 804 817 836 sic
843 804 944 836 etiam
981 803 1093 845 ipsum
1131 814 1240 844 agens
1273 803 1427 834 naturale
1462 814 1531 834 non
1567 808 1771 834 transmutat
1803 802 1978 834 materiam
2013 802 2077 834 nisi
2111 814 2173 845 per

698 861 879 904 qualitates
903 861 1093 893 contrarias
1118 861 1338 892 inhaerentes
1364 860 1403 892 ei.
1431 860 1529 892 Sicut
1554 871 1637 902 ergo
1662 861 1737 891 sola
1762 860 1955 892 substantia
1974 860 1985 876 ²
2009 860 2171 893 materiae

698 930 768 951 non
796 919 920 951 sufficit
947 924 980 950 ut
1009 924 1264 956 transmutetur,
1290 918 1338 949 sic
1364 918 1439 949 sola
1459 918 1469 935 ³
1503 917 1697 950 substantia
1726 917 1862 959 agentis
1892 928 1962 949 non
1987 917 2112 950 sufficit
2137 923 2172 949 ut

698 982 910 1009 transmutet.

787 1034 864 1066 Hoc
889 1033 990 1066 etiam
1017 1033 1133 1076 patet⁴
1151 1044 1191 1065 ex
1217 1039 1312 1075 parte
1338 1033 1484 1075 agentis,
1503 1033 1602 1064 cuius
1620 1033 1710 1065 actio
1735 1044 1805 1064 non
1831 1039 1883 1065 est
1908 1033 2021 1064 subita
2038 1039 2071 1065 et
2089 1033 2173 1064 indi-

698 1091 851 1130 visibilis,
877 1091 939 1123 sed
971 1091 1171 1123 successiva
1203 1097 1235 1122 et
1265 1090 1454 1129 divisibilis,
1487 1091 1566 1132 quia
1602 1091 1680 1122 illud
1711 1091 1803 1132 quod
1823 1090 1834 1106 ⁵
1863 1090 1972 1132 primo
2002 1090 2174 1122 inducitur

698 1149 731 1181 in
764 1160 869 1190 passo
899 1160 960 1191 per
984 1148 1172 1190 potentiam
1199 1148 1345 1180 activam
1377 1148 1512 1189 agentis
1545 1154 1596 1180 est
1622 1148 1730 1179 forma
1756 1147 1990 1180 accidentalis.
2021 1148 2056 1179 si
2083 1147 2173 1180 enim

539 1200 603 1226 cod.
616 1200 639 1226 V

512 1235 551 1261 Μ
572 1237 622 1262 261
636 1236 675 1261 Va
697 1206 829 1238 inducit
854 1206 997 1238 formam
1023 1206 1295 1244 substantialem,
1321 1207 1389 1238 hoc
1414 1212 1465 1238 est
1492 1205 1663 1237 mediante
1683 1206 1791 1237 forma
1817 1205 2022 1237 accidentali
2048 1205 2080 1237 in
2106 1216 2175 1247 qua

697 1270 811 1306 potest
847 1265 850 1305 Ι
887 1274 965 1296 esse
1002 1269 1136 1301 m‹›tus;
1173 1269 1206 1296 et
1243 1263 1271 1295 si
1308 1263 1528 1296 induceretur
1561 1263 1670 1295 forma
1707 1263 1943 1295 substantialis
1973 1264 2016 1294 ab
2049 1269 2175 1304 agente

698 1321 841 1354 naturali
875 1332 946 1353 non
979 1321 1153 1353 mediante
1182 1321 1412 1362 dispositione
1442 1321 1657 1358 accidentali,
1691 1327 1783 1353 esset
1813 1320 1954 1352 mutatio
1983 1331 2071 1362 quae
2105 1331 2175 1352 non

698 1384 789 1412 esset
814 1379 978 1412 terminus
1003 1379 1148 1411 alicuius
1173 1385 1287 1410 motus
1313 1385 1345 1410 et
1371 1379 1592 1411 induceretur
1618 1379 1728 1410 forma
1745 1378 1778 1409 in
1797 1378 1938 1410 materia
1960 1378 2174 1420 indisposita.

698 1437 820 1479 Agens
849 1448 934 1479 ergo
963 1437 1117 1468 naturale
1146 1437 1256 1478 primo
1290 1436 1422 1468 inducit
1450 1436 1645 1468 immediate
1680 1437 1822 1468 formam
1853 1436 2114 1474 accidentalem,
2143 1442 2177 1468 et

698 1494 871 1526 mediante
889 1494 943 1526 illa
967 1494 1110 1526 formam
1136 1494 1407 1526 substantialem.
1427 1493 1468 1526 Et
1486 1493 1564 1526 ideo
1582 1500 1718 1536 oportet
1737 1494 1968 1525 immediatam
1988 1493 2175 1536 potentiam

698 1552 844 1584 activam
874 1552 950 1584 talis
979 1551 1115 1593 agentis
1144 1562 1221 1584 esse
1251 1551 1352 1583 etiam
1386 1552 1529 1583 sormam
1559 1551 1818 1584 accidentalem.
1854 1551 1954 1584 Unde
1983 1551 2175 1583 secundum

699 1610 1015 1642 Commentatorem
1034 1612 1091 1650 (1),
1116 1609 1264 1651 septimo
1290 1609 1560 1651 Metaphysicae,
1579 1610 1749 1641 elementa
1767 1620 1837 1641 non
1862 1609 2038 1651 patiuntur
2062 1619 2176 1650 neque

699 1673 807 1711 agunt
831 1667 895 1699 nisi
920 1678 982 1710 per
1006 1667 1198 1709 qualitates,
1224 1678 1294 1699 non
1321 1678 1381 1709 per
1406 1667 1532 1699 formas
1557 1666 1825 1701 substantiales:
1851 1672 1903 1698 est
1927 1674 2041 1698 tamen
2068 1667 2177 1698 forma

509 1712 672 1775 f‹›lc.ol‹sl'3pva
700 1725 934 1757 substantialis
960 1725 993 1756 id
1021 1724 1054 1756 in
1079 1724 1178 1757 cuius
1203 1725 1326 1756 virtute
1352 1725 1462 1757 activa
1495 1724 1648 1766 potentia
1678 1723 1904 1756 accidentalis
1933 1730 2115 1766 operatur,
2144 1730 2177 1756 et

699 1782 787 1815 sicut
813 1783 921 1814 forma
939 1782 1175 1814 substantialis
1192 1782 1226 1814 in
1252 1788 1378 1825 agente
1411 1784 1414 1823 Ι
1448 1788 1500 1814 est
1517 1782 1598 1813 illud
1613 1781 1624 1797 ⁰
1641 1782 1695 1814 cui
1714 1781 1867 1814 innititur
1884 1781 1996 1813 omnis
2022 1781 2177 1823 potentia

699 1840 811 1872 activa
833 1840 1056 1882 superaddita
1080 1839 1305 1878 substantiae,
1331 1839 1381 1871 sic
1406 1840 1516 1871 forma
1543 1839 1777 1871 substantialis
1796 1839 1991 1871 introducta
2017 1839 2050 1870 in
2071 1849 2177 1881 passo

700 1903 751 1930 est
780 1897 813 1929 id
843 1898 885 1929 ad
918 1898 1012 1939 quod
1033 1897 1043 1914 ⁷
1071 1903 1142 1929 tota
1171 1897 1410 1930 transmutatio
1440 1897 1628 1929 ordinatur.
1662 1897 1703 1928 Et
1735 1897 1814 1929 ideo
1844 1897 2037 1929 secundum
2069 1896 2176 1938 ipsam

700 1966 770 1987 non
804 1961 856 1988 est
887 1955 1137 1994 transmutatio,
1169 1955 1232 1987 sed
1264 1955 1339 1997 ipsa
1372 1962 1424 1987 est
1457 1954 1753 1986 transmutationis
1786 1954 1952 1986 terminus
1985 1954 2057 1986 sive
2088 1954 2176 1985 finis.

791 2013 854 2045 Per
879 2013 1055 2055 praedicta
1091 2018 1184 2054 patet
1212 2014 1280 2045 hoc
1305 2013 1396 2044 idem
1433 2023 1473 2045 ex
1509 2019 1606 2054 parte
1643 2012 1751 2054 ipsius
1787 2012 1946 2044 actionis.
1977 2012 2063 2043 Nam
2099 2022 2177 2043 cum

700 2070 791 2102 actio
816 2070 992 2113 potentiae
1021 2071 1153 2103 activae
1190 2070 1223 2102 in
1253 2076 1410 2102 creatura
1439 2070 1481 2102 sit
1517 2071 1688 2111 quaedam
1725 2069 1976 2108 transmutatio,
2002 2075 2035 2101 et
2064 2069 2177 2101 omnis

701 2128 938 2160 transmutatio
956 2128 1028 2161 sive
1054 2134 1168 2160 motus
1193 2128 1236 2160 sit
1260 2128 1453 2160 secundum
1480 2128 1623 2159 formam
1649 2127 1900 2160 accidentalem
1926 2138 1997 2159 non
2015 2128 2174 2158 substan-

700 2185 814 2218 tialem
847 2185 1054 2224 immediate,
1088 2192 1225 2228 oportet
1257 2186 1446 2228 potentiam
1480 2196 1569 2227 quae
1609 2191 1661 2217 est
1702 2185 1936 2217 immediatum
1971 2184 2177 2227 principium

701 2243 777 2275 talis
801 2243 1098 2275 transmutationis
1123 2254 1202 2276 esse
1227 2243 1488 2276 accidentalem.

789 2300 941 2333 Ulterius
972 2307 1087 2333 tamen
1112 2307 1164 2333 est
1199 2301 1462 2344 intelligendum
1492 2301 1535 2333 de
1564 2301 1719 2343 potentia
1751 2300 1891 2342 passiva
1922 2299 2095 2339 materiae,
2124 2299 2177 2331 vel

701 2358 775 2390 eius
801 2359 894 2400 quod
920 2359 1024 2391 habet
1049 2358 1216 2391 rationem
1240 2358 1404 2390 materiae
1429 2358 1502 2391 vel⁵
1526 2358 1683 2396 subiecti,
1709 2358 1803 2399 quod
1829 2357 1909 2400 quia
1933 2357 2009 2399 ipsa
2037 2356 2178 2389 materia

702 2421 754 2448 est
770 2415 916 2458 primum
944 2422 977 2448 et
1001 2427 1125 2458 purum
1150 2416 1338 2458 potentiale
1363 2416 1396 2448 in
1413 2426 1543 2459 genere
1572 2415 1808 2454 materialium,
1827 2422 1860 2447 et
1885 2415 1994 2447 forma
2018 2415 2178 2446 substan-

795 2545 800 2558 ¹
825 2543 993 2569 immediate
1014 2543 1041 2569 in
1062 2543 1138 2570 nuda
1159 2560 1190 2562 —
1211 2543 1444 2577 substantialem]
1465 2553 1520 2569 om.
1541 2543 1570 2569 P.
1595 2559 1627 2562 —-
1647 2544 1658 2558 “-’
1680 2543 1861 2569 substantiae
1885 2543 1915 2568 P.
1936 2559 1967 2562 —
1988 2543 1998 2558 ³
2019 2551 2074 2568 om.
2095 2543 2125 2568 P.
2146 2558 2178 2562 —

704 2588 712 2601 ¹
728 2591 850 2622 apparet
865 2587 895 2613 P.
910 2603 942 2606 —-
958 2588 967 2602 ⁵
981 2596 1039 2621 quo
1056 2587 1085 2613 P.
1099 2603 1132 2606 ——
1147 2587 1157 2602 ⁶
1171 2587 1200 2613 id
1214 2587 1244 2613 P.
1259 2604 1289 2606 —
1308 2588 1316 2602 ⁷
1330 2587 1367 2613 ad
1382 2587 1470 2622 quod]
1487 2596 1502 2613 a
1517 2596 1575 2622 quo
1590 2587 1619 2613 P.
1637 2603 1667 2606 —
1684 2587 1694 2602 ⁸
1706 2586 1769 2613 eius
1784 2603 1815 2605 —
1830 2587 1886 2620 vel]
1902 2595 1957 2612 om.
1971 2586 2001 2612 Ρ.

791 2677 829 2708 (1)
844 2675 1029 2708 Averrois,
1042 2676 1270 2710 Metaplzysicae,
1284 2676 1300 2702 l.
1316 2676 1379 2708 Vll,
1394 2685 1417 2702 c.
1431 2678 1464 2702 10
1477 2675 1629 2707 (venetiis,
1642 2677 1718 2707 1552,
1728 2684 1756 2710 p.
1767 2677 1822 2702 85).
1839 2686 1849 2699 «
1862 2675 1995 2710 Apparet
2009 2674 2084 2701 enim
2099 2674 2179 2710 quod

703 2719 846 2747 elementa
866 2728 924 2746 non
938 2719 1085 2756 patiantur
1103 2729 1199 2756 neque
1219 2724 1307 2755 agant
1327 2719 1383 2745 nisi
1403 2728 1455 2756 per
1469 2719 1633 2756 qualitates,
1652 2728 1710 2745 non
1730 2727 1783 2757 per
1802 2718 1913 2745 formas
1932 2718 2147 2746 substantiales.
2165 2729 2175 2742 ψ
