2493 3458
518 866 582 892 cod.
596 866 616 892 P

481 901 530 928 sol.
547 903 596 928 150
611 902 650 928 Rn

518 2145 582 2171 cod.
597 2145 621 2170 V

487 2181 535 2207 fol.
546 2183 596 2207 271
612 2181 652 2207 Rb

674 437 723 462 152
1035 434 1225 461 MAGlS‘sRi
1255 434 1473 460 GODEFRIDI
1505 434 1555 459 DF.
1586 433 1781 460 FONTIBUS

673 526 752 557 talia
777 536 846 557 non
873 531 1074 566 sequuntur.
1110 525 1178 556 Sed
1209 536 1249 555 ex
1279 523 1419 555 avaritia
1448 523 1665 564 sequuntur¹
1696 523 1793 565 plura
1818 523 1937 554 bona²
1973 534 2074 565 quam
2101 534 2143 555 ex

674 583 925 626 prodigalitate.
956 583 1041 614 Nam
1069 593 1127 624 per
1153 583 1246 613 bona
1280 581 1372 613 avari
1402 587 1575 613 reservata
1600 580 1825 622 consequitur
1853 580 1929 623 quis
1958 580 2142 613 amicitiam

673 647 870 673 sanctorum
905 652 923 672 a
960 640 1085 682 quibus
1122 646 1269 671 meretur
1301 639 1406 681 recipi
1440 638 1474 670 in
1506 644 1646 670 aeterna
1679 639 1912 676 tabernacula,
1949 639 2142 671 secundum

674 699 755 731 illud
785 699 900 730 Lucae
918 700 975 739 (l),
1001 698 1136 730 decimo
1162 702 1279 729 sexto:
1306 696 1408 728 facite
1434 696 1532 728 vobis
1557 696 1689 728 amicos
1719 696 1762 728 de
1795 707 1991 728 mammona
2024 696 2144 738 iniqui-

673 757 751 788 tatis
777 763 809 788 et
827 763 951 788 cetera.
972 756 1048 787 lloc
1066 762 1179 787 autem
1206 766 1276 786 non
1303 760 1416 796 potest
1445 753 1613 795 consequi
1640 754 1807 796 prodigus
1832 754 1888 795 qui
1915 754 2142 786 substantiam

673 826 771 846 suam
797 814 945 846 totaliter
970 813 1089 856 perdit.
1118 813 1218 845 [nde
1243 812 1344 844 etiam
1371 818 1512 854 propter
1537 812 1604 844 lioc
1633 817 1685 844 est
1709 811 1929 854 spiritualiter
1944 812 1954 828 ³¹
1979 818 2144 851 mortuus,

674 878 710 904 ut
738 878 831 914 patet
857 873 899 904 de
928 872 997 903 filio
1027 882 1089 913 pro
1122 873 1126 912 Ι
1159 871 1251 911 (ligo,
1278 871 1393 902 Lucae
1419 872 1464 910 (2)
1494 869 1629 902 decimo
1658 869 1788 911 quinto.
1815 870 1933 910 Quare
1962 875 1995 902 et
2019 875 2144 916 cetera.

763 931 903 961 Contra.
931 929 1063 961 Dicitur
1082 928 1326 960 Ecclesiastico
1344 930 1401 967 (3),
1422 927 1578 960 decimo:
1597 938 1701 958 avaro
1731 927 1812 959 nibil
1842 934 1894 959 est
1918 927 2100 960 scelestius
2114 928 2146 967 ⁴3

675 988 754 1020 item
780 987 861 1019 nihil
889 993 941 1019 est
969 987 1119 1028 iniquius
1143 997 1245 1028 quam
1275 996 1390 1017 amare
1415 985 1610 1027 pecuniam.
1639 985 1687 1016 Ex
1713 985 1875 1016 omnibus
1893 985 1966 1017 istis
1991 985 2147 1028 arguitur

675 1046 767 1087 quod
793 1045 932 1077 avaritia
959 1045 1001 1076 sit
1027 1044 1214 1086 pessimum
1242 1043 1408 1076 vitiorum.

765 1103 986 1145 Respondi-0,
1013 1102 1198 1134 (licendum
1224 1102 1318 1143 quod
1337 1112 1413 1132 cum
1434 1101 1574 1132 virtutes
1600 1101 1747 1132 morales
1769 1100 1962 1132 consistant
1979 1100 2012 1132 in
2031 1101 2146 1133 medio

675 1161 819 1192 duarum
845 1160 1046 1192 malitiarum
1080 1166 1112 1191 et
1146 1159 1227 1191 illud
1245 1159 1255 1174 '¹
1288 1165 1475 1191 extremum
1503 1158 1544 1190 sit
1577 1158 1676 1200 peius
1708 1158 1800 1199 quod
1831 1158 1941 1199 magis
1975 1165 2146 1201 repugnat

674 1219 800 1257 medio,
820 1219 1006 1250 —bonum
1025 1224 1139 1249 autem
1166 1217 1297 1248 virtutis
1323 1216 1533 1248 liberalitatis
1555 1216 1713 1248 consistit
1738 1216 1770 1247 in
1797 1222 1889 1248 recta
1917 1216 2147 1258 dispositione

675 1283 708 1309 et
733 1276 955 1308 inclinatione
991 1275 1164 1317 appetitus
1201 1281 1361 1316 respectu
1399 1285 1482 1305 usus
1515 1275 1686 1305 bonorum
1712 1273 1930 1313 exteriorum,
1957 1280 1992 1306 ut
2017 1274 2148 1307 scilicet

674 1335 724 1366 sic
755 1334 922 1366 afficiatur
961 1333 1051 1365 circa
1085 1333 1139 1364 illa
1171 1333 1264 1374 quod
1298 1333 1340 1364 ad
1374 1343 1492 1363 eorum
1530 1343 1628 1363 usum
1666 1331 1933 1364 convenientem
1965 1331 2148 1364 inclinetur

675 1392 800 1430 debite,
835 1391 888 1423 illa
921 1398 1035 1423 autem
1069 1391 1229 1422 [licuntur
1257 1391 1349 1421 bonu
1382 1389 1474 1421 utilia
1507 1389 1586 1431 quia
1621 1389 1653 1421 in
1687 1400 1771 1420 usus
1807 1389 1984 1421 hominum
2018 1390 2147 1422 debent

675 1450 791 1482 venire
810 1455 951 1492 propter
975 1449 1077 1487 aliud,
1096 1448 1226 1480 scilicet
1243 1454 1383 1490 propter
1400 1453 1543 1479 naturae
1562 1447 1829 1479 convenientem
1847 1447 2146 1487 sustentationem,

675 1508 768 1540 unde
807 1507 968 1539 (licuntur
1007 1518 1084 1538 esse
1123 1505 1316 1537 substantia
1352 1505 1513 1543 hominis,
1551 1511 1583 1536 et
1617 1505 1697 1546 quia
1734 1516 1818 1536 usus
1843 1505 1959 1536 talium
1989 1505 2148 1538 consistit

674 1565 709 1597 in
742 1565 928 1597 emissione
961 1571 993 1596 et
1026 1563 1209 1607 largitione
1240 1574 1370 1601 eorum,
1403 1574 1482 1594 nam
1516 1562 1698 1604 acquisitio
1731 1562 1901 1604 pecuniae
1941 1563 2148 1595 assimilatur

675 1623 786 1666 magis
818 1622 892 1655 eius
924 1621 1141 1665 generationi
1177 1632 1279 1662 quam
1315 1620 1401 1659 usui,
1438 1626 1470 1652 et
1507 1620 1666 1652 custodia
1702 1620 1873 1662 pecuniae
1910 1620 1943 1652 in
1980 1627 2146 1662 quantum

675 1681 852 1713 ordinatur
880 1681 923 1712 ad
956 1680 1154 1711 facultatem
1184 1678 1302 1710 utendi
1335 1678 1568 1710 assiinilatur“
1594 1678 1736 1716 habitui,
1760 1689 1849 1720 quae
1878 1678 1980 1710 etiam
2005 1679 2148 1711 deberet

675 1738 825 1771 ordinari
850 1739 894 1770 ad
926 1738 1193 1770 convenientem
1223 1747 1322 1768 usum
1341 1736 1556 1774 existentem,
1586 1742 1621 1768 ut
1638 1736 1767 1768 dictum
1797 1742 1859 1774 est,
1890 1736 1922 1768 in
1959 1736 2147 1769 emissione

675 1803 708 1830 et
725 1796 917 1839 largitione,
942 1802 975 1828 et
1000 1807 1069 1827 non
1096 1795 1239 1827 deberet
1259 1793 1269 1810 ⁷
1293 1795 1486 1826 secundum
1511 1804 1548 1826 se
1574 1794 1660 1826 haec
1685 1793 1802 1836 appeti
1827 1794 1890 1826 sed
1915 1794 1991 1836 ipsa
2008 1794 2148 1827 emissio

674 1861 789 1887 tamen
830 1855 1022 1886 secundum
1063 1852 1197 1885 debitas
1235 1851 1510 1884 circumstantias
1547 1852 1729 1894 regulata⁸
1768 1862 1830 1894 per
1865 1852 2082 1894 prudentiam
2115 1857 2149 1884 et

675 1919 800 1951 cetera,
827 1933 866 1936 Q
892 1923 911 1944 a
935 1924 1004 1954 quo
1030 1912 1168 1953 quidem
1198 1911 1313 1943 medio
1339 1910 1510 1942 receditur
1534 1920 1596 1951 per
1620 1909 1794 1941 defectum
1827 1909 1860 1941 in
1893 1920 1998 1942 avaro
2027 1915 2061 1942 et
2088 1921 2150 1952 per

674 1970 1029 2013 superabundantiam
1059 1970 1091 2002 in
1118 1969 1276 2012 prodigo,
1302 1975 1372 2000 tum
1394 1967 1427 1999 in
1453 1967 1638 1999 affectione
1666 1967 1826 1999 interiore
1855 1967 2029 2009 appetitus
2058 1967 2149 2000 circa

675 2029 820 2067 divitias,
861 2034 931 2060 tum
972 2028 1004 2059 in
1031 2027 1199 2059 exteriore
1225 2025 1427 2068 operatione
1462 2025 1553 2057 circa
1593 2035 1664 2064 eas,
1696 2025 1757 2056 sed
1791 2025 2033 2058 diversimode.
2059 2026 2147 2058 Nam

675 2097 799 2118 avarus
824 2092 988 2128 quantum
1026 2086 1069 2117 ad
1105 2085 1266 2117 affectum
1303 2083 1498 2115 interiorem
1533 2083 1795 2124 superabundat
1828 2083 1905 2125 plus
1930 2083 2048 2115 debito
2077 2083 2149 2115 dili-

675 2145 793 2187 gendo
812 2143 979 2186 pecunias
1008 2150 1041 2176 et
1065 2154 1106 2175 ex
1134 2144 1202 2174 hoc
1221 2142 1321 2174 etiam
1351 2147 1516 2183 quantum
1542 2141 1585 2172 ad
1611 2147 1725 2172 actum
1752 2140 1954 2173 exteriorem
1980 2140 2096 2173 deficit
2125 2142 2130 2181 Ι

676 2201 709 2233 in
741 2202 868 2233 dando.
895 2201 1165 2243 Superabundat
1196 2199 1286 2231 enim
1320 2199 1353 2230 in
1387 2198 1590 2240 recipiendo
1626 2205 1659 2229 et
1691 2199 1935 2230 conservando
1964 2205 1998 2230 et
2022 2198 2055 2230 in
2081 2199 2149 2231 hoc

675 2270 799 2291 avarus
832 2259 942 2301 magis
974 2258 1120 2290 intendit
1144 2258 1225 2289 illud
1241 2258 1252 2273 '¹
1284 2257 1377 2298 quod
1405 2256 1518 2287 minus
1547 2256 1735 2287 intenditur
1759 2256 1802 2287 ab
1828 2256 1992 2295 illiberali,
2018 2255 2149 2289 scilicet

675 2317 938 2359 acquisitionem
965 2322 997 2348 et
1022 2315 1322 2348 conservationem
1348 2313 1573 2356 pecuniarum
1599 2324 1702 2355 quam
1727 2313 1899 2345 illiberalis
1927 2324 1999 2346 non
2017 2314 2150 2356 quaerit

674 2375 741 2407 nisi
773 2375 852 2417 quia
881 2374 1016 2407 ordinat
1044 2374 1088 2405 ad
1117 2373 1339 2406 emissionem
1369 2378 1401 2404 et
1429 2371 1615 2404 dationem.
1641 2371 1778 2403 Avarus
1803 2378 1919 2404 autem
1945 2377 2087 2414 propter
2109 2382 2148 2404 se

766 2558 772 2572 ¹
787 2560 1004 2591 consequuntur
1015 2556 1045 2581 P.
1060 2572 1092 2574 —
1104 2556 1115 2570 ‘³
1127 2555 1209 2590 plura
1223 2555 1311 2587 bona]
1326 2554 1402 2579 bona
1417 2553 1500 2588 plura
1513 2553 1544 2579 P.
1559 2569 1591 2572 -—
1606 2553 1617 2568 ³
1630 2562 1685 2579 om.
1696 2553 1727 2579 P.
1741 2569 1774 2572 —
1790 2554 1798 2568 ⁴
1812 2553 1890 2579 cel'i⁹
1902 2553 1935 2578 V.
1954 2569 1986 2572 —
2004 2553 2014 2568 ⁵
2027 2552 2056 2578 id
2070 2552 2100 2578 Ρ.
2115 2568 2148 2571 -

675 2603 686 2617 ⁰
698 2601 798 2627 utendi
813 2600 996 2634 assimilatur}
1012 2608 1066 2625 0111.
1082 2600 1111 2625 P.
1126 2615 1158 2618 —
1175 2600 1182 2614 ⁷
1197 2598 1305 2625 debent
1319 2598 1351 2623 V.
1366 2613 1399 2616 —
1414 2600 1423 2612 ⁵
1438 2597 1502 2622 iter.
1517 2597 1548 2622 ιἰι
1564 2605 1661 2632 marg.
1675 2597 1706 2623 P.
1720 2612 1752 2616 --
1769 2597 1780 2612 ⁹
1792 2596 1822 2622 id
1835 2597 1866 2623 P.

763 2735 801 2766 (1)
818 2732 1105 2768 E1·‹111g.secundu›n
1120 2730 1242 2762 Lucam,
1257 2730 1334 2758 XVI.
1347 2730 1371 2755 9.
1383 2744 1414 2747 -
1429 2730 1466 2764 (2)
1479 2728 1562 2760 Ibid.‚
1576 2736 1600 2755 c.
1614 2728 1676 2761 XV,
1689 2729 1723 2754 24
1737 2732 1765 2755 et
1779 2729 1821 2754 32.
1835 2743 1869 2746 —
1883 2728 1922 2760 (3)
1937 2726 1970 2754 C.
1981 2727 2016 2760 X,
2029 2728 2046 2754 9
2059 2730 2089 2753 et
2107 2728 2147 2754 10.
