2493 3458
767 429 915 455 PRIMUM
949 430 1244 462 QUODLIBETUM,
1275 430 1309 463 Q.
1336 431 1387 455 XV
1777 434 1809 457 37

343 517 443 548 annis
468 517 612 549 reddere
637 517 785 558 aliquam
811 516 1025 558 pensionem.
1052 519 1093 550 Et
1119 520 1327 562 arguebatur
1351 520 1443 561 quod
1470 521 1536 551 tale
1562 521 1807 551 monasterium

342 574 452 615 possit
469 574 647 615 imponere
669 574 677 591 ¹
702 574 758 605 tali
783 574 947 615 prioratui
966 576 1031 607 tale
1057 587 1156 615 onus,
1179 576 1259 617 quia
1284 578 1436 608 membra
1461 577 1623 608 inferiora
1648 583 1808 609 tenentur

343 631 445 672 capiti
474 631 642 673 superiori
670 631 855 663 subvenire
881 637 913 663 et
938 633 1197 665 subministrare
1215 640 1248 666 et
1265 640 1369 675 caput
1394 639 1507 675 potest
1533 635 1575 665 ad
1602 646 1697 666 suam
1724 635 1807 666 utili-

342 694 445 720 tatem
477 689 526 720 eis
554 689 611 720 uti.
642 689 713 721 Sed
742 689 912 731 prioratus
940 691 1138 731 praedictus
1168 691 1374 733 supponitur
1403 703 1480 723 esse
1509 693 1698 723 membrum
1728 692 1808 724 dicti

342 746 549 778 monasterii.
579 747 672 789 Ergo
709 746 833 788 poterit
865 747 895 779 ei
928 747 1066 788 aliquod
1100 759 1188 780 onus
1224 748 1422 780 huiusmodi
1455 749 1585 790 imponi
1614 750 1657 781 ad
1686 749 1807 791 capitis

341 803 542 835 subsidium.
570 804 687 844 Quare
713 809 745 835 et
770 809 894 836 cetera.

429 861 568 892 Contra.
594 862 674 892 Non
699 861 803 893 debet
828 861 955 903 aliquid
980 863 1052 894 fieri
1077 874 1138 904 per
1162 864 1255 904 quod
1281 864 1473 895 fundatoris
1499 864 1643 896 intentio
1673 865 1806 896 defrau-

341 918 448 949 detur.
482 918 553 950 Sed
590 930 651 960 per
692 918 947 960 impositionem
989 920 1064 950 talis
1101 920 1215 952 oneris
1257 921 1519 953 defraudaretur
1549 922 1692 953 intentio
1726 922 1805 954 dicti

340 976 542 1014 fundatoris,
561 976 640 1017 quia
658 987 699 1008 ex
714 977 781 1008 hoc
800 983 1001 1017 sequeretur
1018 977 1198 1009 diminutio
1216 978 1348 1010 numeri
1367 979 1640 1017 ministrantium,
1659 980 1805 1011 eleemo-

339 1044 501 1074 synarum
527 1039 559 1065 et
584 1033 790 1065 huiusmodi.
818 1034 935 1074 Quare
962 1040 994 1065 et
1020 1040 1143 1066 cetera.

429 1091 637 1132 Respondeo
667 1091 851 1122 dicendum
885 1092 978 1133 quod
1011 1103 1088 1123 cum
1125 1093 1270 1125 intentio
1299 1099 1331 1125 et
1360 1094 1499 1125 devotio
1532 1094 1681 1125 fidelium
1715 1095 1805 1126 circa

340 1148 575 1180 ecclesiastica
601 1149 786 1190 praecipue
816 1149 857 1180 sit
886 1150 1104 1181 observanda
1137 1150 1202 1181 nisi
1235 1151 1426 1182 necessitas
1459 1152 1511 1183 vel
1545 1152 1669 1183 utilitas
1702 1158 1806 1195 cogat

339 1206 391 1237 vel
409 1205 550 1237 inducat
567 1207 609 1237 ad
636 1206 883 1238 immutandum
906 1206 925 1245 ²,
944 1218 1009 1238 nec
1034 1213 1116 1239 tunc
1141 1208 1339 1240 contrariari
1358 1209 1494 1250 proprie
1513 1209 1680 1251 contingit
1697 1209 1805 1241 inten-

338 1263 422 1294 tioni
457 1264 510 1295 vel
547 1263 721 1295 devotioni
756 1264 953 1305 praedictae
995 1265 1115 1296 saltem
1155 1276 1256 1306 quam
1296 1266 1556 1308 intelligendum
1594 1273 1645 1298 est
1677 1268 1805 1299 habere

338 1321 458 1352 fideles
488 1321 520 1352 in
546 1321 624 1352 talia
653 1321 874 1363 disponendo
903 1323 1023 1354 saltem
1049 1323 1083 1354 in
1112 1323 1230 1354 habitu
1260 1329 1292 1355 et
1321 1324 1483 1365 implicite
1510 1344 1547 1347 —
1575 1330 1675 1366 prout
1703 1325 1802 1356 etiam

339 1378 484 1410 dicitur:
511 1390 581 1410 non
607 1385 659 1411 est
683 1380 810 1411 fractor
835 1380 904 1411 voti
930 1380 986 1421 qui
1013 1380 1093 1411 illud
1119 1392 1189 1412 non
1215 1381 1332 1422 implet
1349 1381 1428 1422 quia
1447 1393 1517 1413 non
1544 1388 1658 1423 potest
1683 1393 1803 1414 neces-

337 1436 436 1468 sitate
461 1437 574 1478 ipsum
603 1443 802 1475 excusante,
833 1438 885 1469 vel
911 1448 988 1469 cum
1004 1438 1015 1453 ³
1039 1438 1121 1469 illud
1150 1445 1337 1470 commutat
1362 1439 1395 1470 in
1425 1439 1555 1477 melius,
1585 1459 1620 1462 ·-
1647 1440 1728 1472 hinc
1754 1447 1805 1472 est

337 1495 429 1535 quod
464 1494 495 1525 in
526 1505 608 1526 casu
641 1495 822 1536 proposito
854 1496 962 1526 abbas
991 1506 1060 1527 non
1095 1502 1209 1537 potest
1237 1496 1416 1538 imponere
1450 1497 1506 1528 tali
1543 1497 1705 1538 prioratui
1738 1499 1803 1529 tale

337 1562 426 1583 onus
445 1552 456 1568 ⁴¹
473 1552 536 1583 nisi
555 1553 599 1583 ob
618 1552 859 1584 necessitatem
879 1554 930 1584 vel
950 1564 1109 1593 magnam
1136 1554 1313 1585 utilitatem
1339 1565 1408 1586 non
1435 1555 1600 1596 privatam
1626 1556 1687 1587 sed
1713 1566 1803 1587 com-

337 1620 475 1641 munem
512 1616 545 1641 et
577 1610 643 1641 hoc
675 1616 790 1642 tamen
824 1621 893 1641 non
927 1610 991 1641 nisi
1023 1611 1225 1643 auctoritate
1262 1612 1449 1653 superioris
1484 1612 1615 1644 scilicet
1647 1613 1803 1654 episcopi

337 1667 453 1705 (Extra
478 1667 520 1698 de
539 1667 711 1706 censibus,
739 1667 887 1709 capitulo
914 1668 1141 1700 Prohibemus
1166 1675 1199 1700 et
1224 1670 1406 1701 Praeterea
1431 1669 1562 1711 illi[us])
1589 1672 1644 1707 (l).
1671 1671 1803 1702 Omnes

336 1724 427 1756 enim
456 1725 539 1756 tales
566 1725 783 1763 mutationes,
811 1726 935 1766 quibus
961 1726 1132 1758 receditur
1161 1728 1203 1758 ab
1229 1727 1281 1758 his
1307 1738 1395 1768 quae
1421 1727 1620 1770 regulariter
1648 1734 1680 1759 et
1712 1739 1803 1760 com—

336 1782 483 1814 muniter
507 1789 585 1814 sunt
611 1783 841 1818 observanda,
866 1783 1146 1825 dispensationes
1165 1785 1334 1825 quaedam
1361 1791 1449 1816 sunt.
1469 1786 1570 1817 Unde
1589 1785 1803 1828 coniungere

337 1841 388 1871 vel
414 1840 567 1872 dividere
585 1840 755 1872 beneficia
781 1847 813 1872 et
842 1841 1039 1872 huiusmodi
1065 1853 1135 1873 non
1161 1842 1290 1873 debent
1318 1842 1390 1874 fieri
1420 1843 1483 1874 nisi
1513 1854 1554 1874 ex
1581 1854 1685 1875 causa
1703 1843 1802 1875 ratio-

335 1898 439 1929 nabili
465 1904 497 1929 et
529 1898 626 1929 iusta.
657 1898 693 1930 Si
723 1909 807 1941 ergo
833 1899 1079 1930 monasterium
1112 1899 1254 1931 multum
1283 1900 1438 1942 indigeat
1467 1906 1499 1931 et
1528 1901 1637 1943 magis
1663 1902 1803 1943 expedit

335 1956 377 1986 ad
414 1955 590 1987 Ecclesiae
620 1955 797 1987 utilitatem
832 1957 925 1997 quod
945 1956 956 1972 ⁵
991 1957 1200 1989 monasterio
1234 1964 1408 1998 tamquam
1439 1958 1541 1999 capiti
1574 1959 1662 1990 bene
1692 1959 1802 2000 provi-

335 2014 456 2045 deatur
486 2024 587 2054 quam
622 2013 794 2055 prioratui,
824 2024 889 2045 nec
918 2015 984 2045 hoc
1019 2015 1128 2056 possit
1160 2015 1230 2046 fieri
1262 2016 1357 2046 bono
1387 2017 1490 2047 modo
1523 2016 1586 2047 nisi
1622 2017 1664 2047 de
1701 2017 1802 2048 bonis

335 2070 415 2102 dieti
440 2071 637 2102 monasterii
663 2071 776 2112 aliqua
805 2072 1047 2103 abstrahantur
1074 2073 1128 2104 vel
1161 2073 1274 2114 aliqua
1303 2073 1501 2104 huiusmodi
1533 2073 1762 2106 interveniant
1781 2075 1800 2111 (ἦ,

334 2134 447 2170 potest
464 2129 545 2160 fieri.
573 2128 609 2160 Si
627 2135 740 2160 autem
765 2129 963 2161 huiusmodi
993 2141 1082 2161 onus
1114 2131 1218 2162 debet
1252 2131 1392 2171 imponi,
1428 2131 1624 2163 faciendum
1654 2138 1705 2163 est
1734 2133 1801 2164 hoc

333 2186 389 2217 illo
415 2186 568 2227 prioratu
594 2192 749 2225 vacante,
776 2187 827 2218 vel
863 2197 903 2218 ex
929 2187 1107 2219 intervallo
1134 2193 1212 2229 post
1237 2188 1471 2229 provisionem
1502 2189 1626 2220 factam
1653 2190 1695 2221 de
1721 2199 1801 2222 con-

333 2255 438 2275 sensu
464 2244 537 2275 eius
563 2243 617 2275 cui
652 2245 812 2276 collatum
849 2250 899 2276 est
932 2245 1138 2277 beneficium
1174 2246 1201 2276 si
1234 2246 1415 2277 consuevit
1448 2247 1595 2278 conferri
1632 2247 1800 2279 canonice

334 2307 366 2333 et
400 2302 442 2332 ad
472 2301 745 2343 perpetuitatem,
775 2313 845 2333 non
883 2303 926 2333 ad
963 2303 1174 2334 voluntatem
1210 2303 1416 2344 superioris3
1451 2304 1600 2345 alioquin
1631 2304 1801 2336 videretur

333 2359 496 2390 committi
534 2358 688 2390 simonia.
726 2360 911 2391 Instituens
948 2371 1032 2400 ergo
1072 2361 1124 2392 vel
1166 2361 1316 2392 fundans
1352 2361 1453 2393 talem
1494 2362 1678 2403 prioratum
1721 2362 1800 2403 quia

332 2416 501 2448 transtulit
540 2416 805 2458 dispositionem
842 2417 929 2449 illius
972 2418 1161 2456 Ecclesiae,
1200 2429 1263 2449 sua
1301 2418 1492 2451 intentione
1528 2430 1597 2451 non
1638 2421 1799 2452 obstante

422 2571 428 2585 ¹
449 2571 557 2605 imponi
578 2572 609 2596 V.
631 2588 663 2590 —
684 2571 694 2587 Ε
714 2571 883 2598 imitandum
904 2573 937 2599 V.
958 2589 989 2591 —
1010 2574 1020 2587 ³
1039 2577 1097 2598 tam
1119 2573 1146 2599 P.
1164 2589 1196 2592 μ
1217 2574 1225 2588 ⁴
1246 2582 1320 2608 opus
1340 2573 1369 2599 P.
1391 2590 1422 2592 —
1444 2575 1454 2588 ⁵
1474 2583 1559 2609 quam
1580 2575 1609 2600 P.
1631 2590 1662 2593 —
1684 2575 1694 2589 ⁸
1714 2575 1799 2601 inter-

331 2614 429 2640 veniat
448 2614 478 2640 P.

418 2717 458 2749 (1)
478 2725 500 2742 c.
521 2718 544 2742 7.
565 2718 588 2742 8.
609 2717 642 2744 X.
664 2717 700 2743 de
721 2726 798 2744 cens.
820 2718 868 2744 ΙΙΙ,
888 2720 930 2744 39.
