2493 3458
698 449 732 474 42
1062 447 1248 474 MAGISTRI
1279 445 1496 472 GODEFRIDI
1528 446 1577 472 DE
1607 445 1802 472 FONTIBUS

1255 705 1493 747 QUAESTIO
1520 705 1608 736 XIX.

774 821 914 858 Utrum
946 832 1048 855 uxor
1075 819 1205 855 sciens
1235 818 1426 854 maritum
1455 831 1573 854 suum
1605 818 1951 867 consanguineam
1981 831 2096 854 suam

703 886 933 936 cognovisse
972 885 1125 922 ratione
1158 885 1275 921 cuius
1310 884 1415 933 facti
1451 887 1507 921 est
1548 884 1686 934 affinis
1727 884 1867 935 factus
1908 897 2007 920 suae
2049 884 2167 921 uxori

932 952 1061 1001 possit
1087 951 1192 988 licite
1220 951 1391 988 debitum
1423 951 1581 1001 exigere
1609 965 1633 987 α
1663 964 1735 987 suo
1766 951 1920 987 marito.

786 1116 912 1147 Postea
930 1115 1021 1147 circa
1038 1114 1246 1157 coniugatos
1269 1120 1433 1156 quantum
1454 1114 1496 1146 ad
1522 1120 1619 1146 actus
1645 1114 1911 1146 matrimoniales
1936 1115 2166 1155 quaerebatur

697 1184 813 1212 unum,
843 1173 1002 1205 videlicet
1028 1178 1138 1204 utrum
1168 1183 1253 1204 uxor
1281 1171 1395 1204 sciens
1424 1171 1580 1203 maritum
1610 1182 1710 1203 suum
1739 1171 2036 1213 consanguineam
2067 1182 2163 1204 suam

697 1230 907 1274 cognovisse
940 1230 1072 1262 ratione
1103 1230 1201 1262 cuius
1229 1230 1309 1261 facti
1338 1236 1390 1261 est
1418 1229 1532 1261 affinis
1561 1229 1673 1261 factus
1702 1240 1785 1261 suae
1814 1229 1910 1261 uxori
1940 1229 2050 1271 possit
2075 1229 2165 1262 licite

697 1289 849 1321 debitum
878 1288 1016 1330 exigere
1045 1298 1062 1319 a
1088 1298 1152 1319 suo
1183 1287 1313 1319 marito.
1344 1287 1386 1318 Et
1414 1288 1623 1329 arguebatur
1650 1287 1743 1328 quod
1772 1287 1947 1328 praedicta
1976 1298 2062 1318 uxor
2093 1297 2164 1319 non

696 1347 823 1378 debeat
850 1356 916 1378 nec
944 1345 1054 1388 possit
1078 1345 1215 1386 exigere
1241 1345 1405 1382 debiturn,
1431 1344 1510 1386 quia
1536 1345 1648 1376 nullus
1673 1344 1775 1376 alium
1802 1345 1905 1376 debet
1930 1344 2096 1377 inducere
2120 1345 2164 1376 ad

510 1401 672 1464 folCOgS'PVb
697 1414 762 1446 pec
797 1406 801 1445 Ι
838 1404 986 1436 candum
1005 1403 1070 1434 nisi
1088 1403 1189 1435 etiam
1215 1403 1289 1444 ipse,
1315 1402 1485 1434 inducens
1511 1408 1644 1444 peccet.
1671 1402 1741 1434 Sed
1766 1402 1843 1434 talis
1869 1402 2008 1434 maritus
2034 1413 2165 1445 cogno-

553 1457 558 1463 “
695 1461 828 1494 scendo
846 1472 986 1493 uxorem
1005 1471 1102 1492 suam
1128 1461 1252 1492 factam
1278 1460 1342 1491 sibi
1368 1460 1506 1492 affinem
1534 1471 1574 1492 ex
1601 1460 1693 1492 facto
1718 1467 1750 1492 et
1775 1466 1922 1502 peccato
1947 1470 2011 1492 suo
2032 1466 2163 1502 peccat.

695 1519 788 1562 Ergo
813 1530 898 1551 uxor
923 1519 1093 1551 inducens
1118 1518 1230 1560 ipsum
1256 1518 1299 1550 ad
1324 1519 1392 1550 hoc
1417 1517 1517 1549 etiam
1538 1517 1545 1534 ¹
1570 1524 1702 1560 peccat.

783 1576 922 1609 Contra.
951 1577 1030 1608 Non
1059 1582 1111 1609 est
1139 1576 1265 1608 iustum
1295 1576 1388 1617 quod
1417 1575 1540 1617 aliquis
1569 1575 1700 1607 amittat
1725 1575 1777 1607 ius
1802 1587 1902 1607 suum
1928 1581 2068 1618 propter
2095 1576 2164 1608 cul-

696 1645 774 1677 pam
792 1634 930 1666 alterius
955 1634 1009 1667 cui
1038 1645 1106 1666 non
1137 1633 1320 1666 consentit.
1347 1633 1418 1665 Sed
1443 1644 1529 1665 uxor
1554 1633 1731 1675 praedicta
1755 1634 1907 1665 habebat
1931 1633 1983 1665 ius
2001 1633 2163 1676 exigendi

696 1692 848 1725 debitum
875 1702 895 1724 a
927 1692 1047 1724 marito
1076 1691 1254 1734 praedicto
1283 1697 1468 1732 antequam
1501 1691 1575 1723 eius
1604 1691 1903 1733 consanguineam
1932 1698 2165 1733 cognosceret

695 1756 836 1792 propter
862 1750 955 1791 quod
980 1750 1092 1782 factus
1121 1755 1172 1781 est
1205 1749 1329 1781 affinis.
1359 1749 1437 1780 Hoc
1470 1755 1583 1781 autem
1614 1749 1742 1780 sactum
1772 1755 1824 1781 est
1852 1749 1986 1790 absque
2014 1749 2102 1781 scitu
2131 1755 2165 1781 et

695 1818 870 1840 consensu
897 1807 1021 1840 uxoris.
1048 1807 1166 1848 Quare
1191 1813 1224 1839 et
1249 1814 1373 1839 cetera.

783 1866 994 1907 Respondeo
1030 1865 1215 1897 dicendum
1253 1865 1357 1906 quod,
1386 1875 1464 1896 cum
1501 1871 1645 1906 uterque
1681 1864 1869 1906 coniugum
1906 1865 2032 1896 habeat
2068 1871 2163 1906 pote-

694 1929 816 1955 statem
845 1929 878 1955 et
906 1923 959 1955 ius
992 1923 1025 1954 in
1053 1933 1199 1964 corpore
1233 1922 1381 1961 alterius,
1410 1923 1524 1954 nullus
1553 1928 1667 1954 autem
1697 1923 1801 1954 debet
1833 1922 1907 1954 sine
1936 1922 2038 1964 culpa
2071 1933 2134 1954 sua
2153 1922 2164 1938 ²

694 1981 817 2023 privari
835 1981 906 2013 iure
931 1992 1006 2019 suo,
1031 1980 1111 2013 ideo
1136 1980 1164 2012 si
1190 1980 1330 2012 maritus
1355 1981 1486 2021 absque
1511 1990 1688 2012 consensu
1713 1986 1747 2011 et
1770 1979 1990 2022 beneplacito
2013 1979 2163 2011 mulieris

694 2039 945 2082 cognoscendo
973 2038 1272 2081 consanguineam
1303 2037 1376 2069 eius
1405 2037 1574 2070 efficiatur
1598 2037 1711 2069 affinis
1731 2037 1751 2076 ³,
1777 2048 1818 2069 ex
1846 2038 1915 2069 hoc
1943 2037 2017 2080 ipse
2042 2037 2164 2069 amittit

694 2096 746 2128 ius
778 2106 822 2128 ne
854 2096 965 2138 possit
990 2096 1001 2112 ⁴
1033 2097 1165 2137 absque
1198 2101 1343 2138 peccato
1376 2095 1515 2139 exigere
1548 2095 1712 2127 debitum.
1746 2095 1841 2127 Uxor
1875 2102 1989 2127 autem
2023 2102 2164 2137 propter

693 2155 761 2186 hoc
789 2154 842 2185 ius
870 2165 969 2185 suurn
998 2164 1068 2185 non
1098 2153 1229 2192 amittit,
1258 2154 1320 2185 sed
1350 2159 1463 2195 potest
1492 2160 1619 2195 petere,
1649 2160 1682 2185 et
1710 2153 1760 2184 vir
1783 2164 1854 2185 non
1883 2153 2075 2185 voluntarie
2099 2153 2163 2186 sed

694 2211 793 2253 quasi
810 2211 972 2244 inductus
997 2218 1030 2243 et
1055 2217 1197 2243 coactus
1223 2211 1294 2243 sive
1321 2218 1463 2243 exactus
1480 2211 1626 2243 reddere
1644 2217 1788 2250 tenetur,
1807 2217 1840 2243 et
1865 2211 1915 2243 sie
1939 2222 2011 2243 non
2028 2218 2161 2253 peccat.

694 2269 747 2301 De
771 2270 839 2301 hoe
863 2269 967 2301 Extra
987 2271 1032 2309 (1)
1058 2270 1101 2301 de
1130 2280 1172 2301 eo
1201 2269 1259 2311 qui
1288 2269 1454 2312 cognovit
1478 2269 1779 2311 consanguineam
1804 2269 1920 2301 uxoris
1945 2279 2038 2307 suae,
2065 2268 2161 2300 Tuae

694 2327 914 2359 fiaternitatis
939 2333 972 2359 et
995 2327 1070 2358 Nec
1095 2327 1244 2358 affinitas
1270 2333 1303 2359 et
1327 2333 1452 2358 cetera.

783 2483 789 2496 ¹
806 2481 938 2508 similiter
951 2482 980 2508 P.
995 2497 1027 2500 —
1042 2482 1052 2497 ²
1065 2491 1119 2508 om.
1134 2482 1164 2508 P.
1179 2498 1211 2500 —
1225 2482 1236 2497 ³
1249 2481 1394 2508 efficiatur
1407 2481 1513 2515 affinis]
1528 2481 1625 2508 affinis
1639 2481 1784 2508 efficiatur
1799 2482 1830 2508 P.
1845 2498 1878 2501 —
1894 2484 1902 2497 ⁴
1918 2486 2021 2517 posset
2036 2482 2066 2508 P.

782 2594 820 2624 (1)
835 2601 858 2618 c.
871 2594 911 2618 10.
926 2593 949 2618 6.
964 2592 992 2618 in
1005 2592 1053 2618 fin.
1067 2592 1101 2618 X.
1116 2592 1153 2618 de
1167 2600 1202 2618 eo
1217 2593 1265 2627 qui
1280 2601 1404 2627 cognov.
1420 2592 1467 2618 IV.
1484 2594 1524 2619 13.
