2493 3458
756 449 969 475 SECUNDUM
997 450 1293 483 QUODLIBETUM,
1323 451 1357 484 Q.
1387 451 1439 476 Vll
1782 455 1822 477 121

357 549 469 581 genus
498 550 601 570 unam
630 539 831 581 significans
860 539 1004 570 formam
1034 539 1225 580 praedicari
1253 546 1371 581 posset
1400 551 1462 581 per
1490 551 1526 571 se
1556 541 1598 572 de
1628 541 1767 573 homine
1793 541 1825 572 in

358 607 426 637 quo
452 602 531 628 sunt
555 597 652 638 plura
677 602 713 628 ut
739 596 865 628 dictum
892 602 952 628 est.
972 597 1008 628 Si
1026 602 1139 628 autem
1157 597 1350 628 substantia
1375 604 1574 639 comparata
1592 599 1634 629 ad
1653 599 1827 631 hominem

356 653 565 696 intelligatur
596 654 781 696 importare
816 660 922 685 totam
955 654 1179 695 quidditatem
1200 655 1208 671 ¹
1238 655 1387 686 hominis
1421 657 1485 686 sub
1518 655 1649 687 ratione
1682 656 1827 689 indeter-

356 711 483 750 minati,
509 717 591 743 tunc
616 712 824 754 significabit
849 712 945 753 plura
972 712 1060 743 sicut
1084 713 1197 743 homo.
1218 713 1306 743 Cum
1332 713 1433 744 etiam
1458 724 1571 755 genus
1596 725 1666 745 non
1692 714 1801 755 possit
1817 714 1827 731 ²

355 768 470 800 dicere
496 769 595 800 aliam
621 770 765 801 formam
791 780 809 800 a
835 769 1020 810 speciebus
1049 771 1102 801 vel
1131 770 1343 809 differentiis,
1372 776 1404 802 et
1433 771 1606 811 quaelibet
1636 771 1826 803 differentia

356 837 433 858 cum
471 838 600 870 genere
637 827 814 859 constituit
852 827 995 858 formam
1033 827 1242 868 specificam,
1284 834 1420 870 oportet
1458 829 1645 869 quamlibet
1681 830 1825 861 formam

355 885 480 916 realem
513 884 727 916 substantiae
761 896 840 916 esse
872 885 1082 926 specificam,
1116 890 1149 917 et
1181 885 1271 916 illam
1304 886 1557 917 consideratam
1594 887 1658 918 sub
1694 887 1825 919 ratione

354 941 607 973 indeterminati
640 948 673 974 et
701 942 917 974 determinati
949 944 1078 974 habere
1107 943 1274 975 rationem
1303 943 1441 986 generis
1471 950 1504 975 et
1532 944 1746 976 differentiae
1772 945 1825 976 vel

354 999 491 1041 speciei.
512 1000 564 1031 De
578 1000 710 1031 ratione
725 1000 813 1031 enim
829 1000 1042 1032 differentiae
1061 1001 1219 1042 estquod
1234 1012 1304 1032 non
1324 1007 1375 1032 est
1389 1001 1523 1033 realiter
1541 1001 1632 1033 aliud
1651 1013 1669 1033 a
1684 1013 1824 1045 genere,

353 1062 389 1088 ut
407 1062 500 1099 patet
517 1068 578 1099 per
595 1057 844 1099 Philosophum
861 1060 905 1098 (l)
925 1064 957 1090 et
975 1058 1293 1090 Commentatorem
1313 1061 1368 1097 (2),
1388 1059 1535 1100 septimo
1554 1060 1823 1101 Metapliysicae,

353 1120 386 1147 et
403 1115 497 1156 prius
514 1115 642 1147 dictum
669 1122 729 1147 est.
755 1117 797 1147 Et
822 1116 871 1147 sic
898 1116 1011 1147 anima
1036 1127 1106 1147 non
1133 1122 1246 1158 potest
1271 1118 1399 1148 habere
1424 1117 1591 1149 rationem
1611 1118 1824 1150 differentiae

352 1178 513 1214 respectu
538 1173 736 1205 huiusmodi
753 1173 763 1189 ³
788 1174 919 1205 formae
944 1174 1118 1211 naturalis,
1145 1185 1209 1206 nec
1235 1174 1308 1216 ipsa
1334 1175 1443 1206 forma
1468 1175 1631 1206 naturalis
1657 1175 1823 1207 rationem

351 1230 499 1272 generis,
537 1232 598 1263 sed
636 1231 810 1272 quaelibet
845 1242 909 1263 suo
945 1233 1050 1263 modo
1087 1233 1279 1263 secundum
1315 1233 1481 1264 rationem
1520 1233 1733 1264 determinati
1771 1235 1823 1265 vel

352 1288 611 1320 determinantis
640 1295 672 1320 et
697 1289 950 1321 indeterminati
975 1290 1115 1321 habebit
1141 1290 1308 1321 rationem
1333 1290 1472 1333 generis⁴
1498 1296 1530 1322 et
1555 1291 1767 1323 differentiae
1792 1297 1824 1323 et

352 1346 402 1377 sic
427 1346 637 1378 constituent
662 1347 758 1388 plura
785 1347 875 1378 entia
901 1347 1075 1389 specifica.

440 1404 527 1435 Cum
553 1404 652 1435 etiam
680 1416 806 1446 corpus
832 1405 981 1436 hominis
1007 1416 1151 1437 manens
1177 1413 1256 1447 post
1281 1406 1416 1438 animae
1442 1407 1706 1448 separationem⁷
1726 1413 1822 1438 natu-

351 1461 463 1493 raliter
494 1463 686 1494 secundum
713 1463 856 1504 aliquos,
883 1464 935 1494 vel
961 1464 1072 1494 solum
1099 1463 1220 1495 virtute
1247 1464 1361 1495 divina
1387 1464 1419 1495 in
1447 1465 1595 1502 Christo,
1615 1465 1765 1497 existens
1788 1465 1821 1496 in

350 1525 428 1550 actu
447 1520 639 1552 seeundum
659 1520 805 1561 aliquam
826 1521 969 1552 formam
985 1521 1027 1552 sit
1041 1521 1073 1552 in
1093 1528 1171 1553 actu
1186 1523 1379 1553 secundum
1398 1523 1541 1553 formam
1561 1523 1820 1554 substantialem

349 1577 558 1618 specificam,
576 1578 655 1609 licet
673 1578 909 1619 imperfectam
935 1585 1095 1620 respectu
1114 1580 1243 1611 formae
1270 1580 1455 1621 specificae
1481 1580 1593 1611 dantis
1612 1580 1723 1619 vitain,
1743 1581 1822 1622 quia

349 1635 431 1666 nihil
457 1641 509 1666 est
526 1635 559 1666 in
577 1646 706 1678 genere
731 1636 812 1677 quin
839 1636 881 1667 ¹sit
906 1636 939 1668 in
965 1637 1078 1678 aliqua
1096 1643 1209 1668 atoma
1228 1637 1379 1679 specie&
1397 1648 1481 1680 ergo
1507 1639 1612 1669 homo
1638 1639 1719 1669 dum
1742 1638 1822 1670 vivit

348 1697 400 1724 est
417 1693 531 1734 plures·
549 1693 686 1735 species
702 1704 708 1728 ;
728 1699 759 1725 et
778 1700 869 1725 esset
888 1705 992 1725 unum
1019 1695 1123 1726 homo
1148 1695 1236 1726 sicut
1257 1695 1384 1736 aliquid
1406 1695 1630 1727 constitutum
1649 1707 1689 1728 ex
1706 1696 1821 1738 lapide

347 1750 461 1791 aliquo
491 1757 523 1782 et
552 1751 679 1792 planta,
709 1751 928 1783 manentibus
962 1753 1132 1783 ambobus
1162 1752 1195 1783 in
1228 1753 1299 1784 suis
1328 1753 1591 1784 actualitatibus.
1622 1754 1700 1785 Non
1730 1754 1820 1785 enim

347 1814 461 1849 potest
491 1808 557 1840 [lici
586 1809 680 1850 quod
708 1810 750 1840 ab
780 1809 852 1841 istis
883 1810 1018 1841 duabus
1048 1810 1166 1841 formis
1195 1816 1350 1842 sumatur
1377 1810 1462 1842 ratio
1493 1822 1560 1842 una
1588 1811 1726 1853 generis
1755 1813 1819 1843 sub

346 1865 478 1897 ratione
496 1866 760 1905 indeterminati,
779 1873 811 1898 et
830 1878 897 1898 una
915 1867 1000 1898 ratio
1019 1867 1233 1899 differentiae
1251 1869 1315 1899 sub
1334 1868 1466 1900 ratione
1485 1869 1709 1900 determinati.
1730 1869 1820 1910 Quia

346 1923 424 1955 licet
455 1930 616 1965 respectu
643 1924 856 1956 diversorum
886 1936 1030 1966 quorum
1062 1926 1240 1966 quodlibet
1272 1932 1323 1957 est
1355 1927 1529 1967 quoddam
1559 1938 1664 1958 unum
1693 1938 1755 1969 per
1783 1939 1820 1959 se

346 1981 478 2013 ratione
496 1982 640 2013 alicuius
659 1982 924 2014 convenientiae
943 1989 975 2014 et
993 1983 1214 2022 habitudinis,
1233 1990 1393 2025 respectu
1411 1984 1544 2016 illorum
1564 1985 1673 2026 possit
1691 1985 1818 2026 aliquid

346 2050 450 2070 unum
469 2040 661 2071 secundum
680 2040 848 2072 rationem
867 2041 922 2072 et5
939 2046 1148 2083 conceptum
1167 2043 1294 2073 habere
1313 2042 1480 2073 rationem
1498 2042 1637 2085 generis
1658 2043 1708 2074 sic
1726 2044 1819 2084 quod

345 2097 387 2128 sit
412 2097 589 2138 quodlibet
614 2097 748 2129 illorum
775 2099 967 2130 secundum
993 2099 1185 2131 rationem5
1210 2099 1472 2136 indeterminati„
1492 2106 1524 2131 et
1550 2100 1728 2141 quodlibet
1747 2101 1818 2132 illo-

344 2166 418 2185 rum
437 2161 488 2186 est
505 2155 681 2196 quoddam
696 2167 801 2187 unum
817 2157 1009 2188 secundum
1025 2157 1192 2188 rationem
1211 2157 1437 2195 determinati,
1453 2163 1566 2189 tamen
1582 2158 1670 2189 sicut
1684 2159 1817 2190 liabens

344 2213 460 2253 plures
478 2213 605 2244 forinas
630 2224 701 2244 non
727 2220 842 2255 potest
867 2225 943 2245 esse
962 2226 1067 2245 unum
1094 2214 1292 2256 simpliciter
1308 2215 1380 2247 sive
1399 2226 1467 2246 una
1483 2215 1629 2257 species,
1648 2215 1693 2247 ita
1717 2216 1817 2247 etiam

344 2281 363 2301 a
380 2270 505 2301 talibus
525 2270 679 2312 pluribus
699 2282 770 2302 non
789 2277 903 2312 potest
921 2272 1008 2303 sumi
1035 2272 1173 2313 aliquod
1193 2284 1298 2303 unum
1317 2274 1508 2304 secundum
1529 2284 1630 2304 unam
1650 2274 1816 2306 rationem

344 2333 376 2359 et
394 2333 601 2369 conceptum
619 2329 753 2360 habens
771 2329 937 2361 rationem
955 2330 1092 2372 generis
1111 2337 1143 2361 et
1161 2336 1285 2361 cetera.

432 2386 520 2417 Cum
550 2385 650 2417 etiam
680 2387 723 2418 de
752 2387 883 2419 ratione
916 2388 1055 2430 generis
1085 2388 1127 2419 sit
1159 2399 1220 2430 per
1244 2399 1281 2420 se
1307 2389 1434 2420 habere
1464 2389 1579 2431 plures
1606 2389 1815 2421 differentias

343 2449 376 2475 et
403 2444 549 2485 species,
575 2444 603 2475 si
628 2444 685 2475 tali
710 2445 839 2486 speciei
865 2445 1079 2487 compositae
1105 2457 1145 2477 ex
1170 2446 1324 2488 pluribus
1350 2447 1467 2478 formis
1492 2448 1680 2488 respondet
1703 2458 1815 2490 genus

434 2587 440 2600 ²
454 2589 545 2611 totam
560 2586 762 2620 quidditatem]
779 2586 970 2621 quidditatem
986 2591 1076 2613 totam
1092 2588 1121 2613 P.
1136 2604 1168 2605 j
1180 2588 1189 2602 *²
1203 2597 1296 2622 genus
1310 2597 1367 2614 non
1382 2588 1484 2623 possit]
1500 2597 1556 2614 non
1571 2588 1663 2622 possit
1677 2598 1769 2623 genus
1785 2590 1814 2616 P.

342 2645 370 2647 —
389 2630 399 2644 ³
413 2629 496 2655 huius
513 2630 545 2655 V.
561 2646 593 2648 —
609 2631 615 2644 ⁴
632 2634 729 2656 atoma
744 2630 853 2665 specie]
869 2631 967 2665 specie
983 2636 1080 2657 atoma
1095 2631 1124 2657 P.
1139 2647 1172 2650 —-
1188 2633 1196 2646 ⁵
1210 2636 1238 2657 et
1253 2648 1284 2650 —
1300 2631 1451 2665 rationem]
1474 2641 1527 2658 0111.
1543 2632 1572 2658 P.

433 2747 470 2777 (11
493 2745 552 2771 Cfr.
573 2755 599 2782 p.
622 2747 679 2777 105,
700 2755 725 2771 n.
746 2748 792 2776 (1³.
815 2762 846 2764 —
868 2750 905 2775 ‹2›
928 2746 987 2773 Ct‘r.
1008 2747 1085 2777 ibid„
1106 2756 1132 2772 n.
1154 2749 1200 2779 ⁴2).
