2493 3458
678 404 728 429 138
1041 402 1230 428 MAGlSTm
1260 401 1477 427 GODEFRIDI
1508 401 1559 427 DE
1589 401 1785 428 FONTIBUS

677 492 867 535 operabilia
899 492 1122 535 coniungitur
1152 491 1233 524 huie
1264 490 1376 523 virtuti
1409 490 1594 523 sensitivae
1631 490 1801 523 differenti
1834 490 1969 523 realiter
1999 492 2042 523 ab
2071 491 2148 534 ipso

677 551 860 589 intellectu,
890 550 969 582 ideo
998 549 1103 582 dicit¹
1133 550 1199 581 hoc
1226 549 1320 591 quod
1346 548 1541 581 necessaria
1571 548 1642 580 sive
1672 548 1878 581 universalia
1907 559 2148 591 quaecumque

677 607 902 651 speculabilia
945 613 978 639 <ft
1018 606 1255 648 contingentia
1296 606 1367 638 sive
1411 606 1600 648 operabilia
1652 605 1869 648 particularia
1908 607 1952 638 ad
1993 606 2148 639 diversas

676 665 849 708 potentias
882 665 1015 697 realiter
1047 665 1246 696 differentes
1281 663 1474 706 pertinent;
1512 670 1544 696 et
1572 663 1655 696 dicit
1690 664 1783 705 quod
1818 664 1940 696 ambae
1974 664 2148 707 pertinent

677 724 720 755 ad
762 727 891 764 partem
928 721 1062 753 animae
1099 721 1312 759 rationalem,
1350 720 1423 752 sive
1460 720 1503 752 ad
1540 720 1718 759 rationem,
1755 721 1976 753 extendendo
2019 732 2149 753 nomen

678 780 820 812 rationis
849 780 892 811 ad
920 779 1119 811 sensitivam
1149 778 1439 821 apprehensivam
1469 789 1558 820 quae
1586 778 1710 810 dicitur
1738 778 1923 821 cogitativa
1956 778 2028 811 sive
2064 779 2150 811 ratio

679 837 903 880 particularis,
932 836 1064 869 ratione
1093 836 1192 868 cuius
1221 836 1415 868 intellectus
1441 835 1614 878 practicus
1644 841 1680 867 ut
1716 835 1749 867 in
1779 847 1842 868 sua
1870 836 2151 868 consideratione

521 886 585 914 cod.
601 886 622 912 Ρ

486 922 655 949 sol.148Vb
680 895 760 928 huic
792 895 909 927 sensui
941 894 1150 926 coniunctus
1183 893 1306 925 dicitur
1338 900 1374 925 ut
1407 893 1681 925 ratiocinativum
1715 900 1748 925 et
1780 900 1815 925 ut
1852 895 1855 934 1
1892 893 2047 936 potentia
2087 893 2152 926 alia

679 964 714 986 re
732 953 896 985 differens
913 953 956 984 al>
981 952 1156 984 intellectu
1175 951 1368 983 secundum
1394 962 1432 983 se
1450 951 1673 993 speculabilia
1699 952 1870 983 abstracta
1889 958 1921 983 et
1947 951 2153 984 universalia

679 1011 932 1043 considerante.
954 1009 1125 1041 Differens
1142 1009 1281 1051 quidem
1299 1020 1335 1040 re
1360 1008 1485 1041 dicitur
1510 1008 1703 1041 intellectus
1729 1009 1912 1051 practicus,
1931 1020 2002 1041 non
2021 1009 2152 1041 ratione

679 1069 753 1102 eius
779 1069 872 1110 quod
898 1073 949 1100 est
984 1067 1091 1109 ipsius
1125 1067 1329 1105 intellectus,
1361 1067 1422 1098 sed
1458 1066 1590 1099 ratione
1623 1066 1697 1098 eius
1730 1067 1824 1108 quod
1857 1066 2075 1110 coexigitur²
2109 1067 2153 1099 de

679 1137 784 1159 sensu
811 1131 846 1158 ut
871 1125 999 1158 dictum
1027 1131 1088 1157 est.

768 1184 838 1215 Aut
870 1183 971 1216 etiam
1004 1183 1198 1215 secundum
1235 1182 1329 1224 quod
1362 1181 1465 1223 aliqui
1499 1182 1628 1219 dicunt,
1666 1182 1793 1223 aliquid
1827 1182 2031 1224 prudentiae
2063 1183 2154 1215 bene

492 1229 656 1291 fol‘lzddfllx'b
681 1247 795 1284 potest
834 1242 877 1273 ad
926 1241 1035 1272 solam
1082 1241 1172 1272 hanc
1220 1240 1419 1271 sensitivam
1464 1239 1636 1282 pertinere
1677 1246 1710 1271 et
1750 1239 1800 1272 sic
1840 1239 1915 1282 ipsa
1955 1240 1989 1272 di
2022 1241 2026 1281 l
2059 1245 2155 1272 cetur

680 1299 953 1331 ratiocinativum
983 1298 1131 1330 divisum
1164 1303 1283 1330 contra
1316 1297 1556 1329 scientificum.
1591 1297 1649 1329 Sic
1687 1303 1800 1329 autem
1838 1308 1909 1329 non
1944 1303 2059 1339 potest
2087 1297 2154 1330 dici

680 1357 854 1400 appetitus
879 1356 1055 1388 rationalis
1080 1366 1141 1398 per
1165 1355 1352 1388 essentiam
1379 1355 1458 1397 quia
1488 1361 1602 1387 actum
1621 1355 1915 1397 apprehensivum
1942 1366 2013 1387 non
2039 1356 2154 1394 habet,

680 1415 742 1447 sed
772 1415 858 1457 per³
887 1413 1186 1456 participationem
1218 1413 1298 1455 quia
1334 1412 1488 1454 sequitur
1517 1413 1833 1455 apprehensionem
1863 1413 1994 1445 virtutis
2023 1424 2154 1456 cogno-

680 1472 832 1504 scitivae.
852 1472 893 1504 Et
917 1471 996 1503 ideo
1022 1482 1091 1503 non
1118 1471 1207 1503 valet
1232 1470 1317 1502 ratio
1336 1471 1379 1502 de
1405 1470 1664 1502 indistinctione
1683 1470 1876 1503 intellectus
1902 1476 2043 1513 propter
2069 1471 2155 1502 indi—

681 1530 902 1562 stinctionem
916 1529 927 1546 ⁴
952 1529 1136 1571 appetitus.
1155 1529 1218 1561 Vel
1237 1528 1334 1560 aliter
1358 1528 1560 1570 responderi
1580 1535 1695 1570 potest
1712 1528 1792 1570 quia
1817 1539 1895 1561 cum
1914 1528 2037 1560 dicitur
2061 1529 2155 1570 quod

682 1589 842 1620 voluntas
860 1588 912 1619 vel
931 1587 1105 1629 appetitus
1123 1597 1194 1618 non
1212 1586 1445 1627 distinguitur,
1471 1586 1657 1618 dicendum
1684 1587 1777 1628 quod
1803 1586 1996 1618 secundum
2022 1586 2156 1628 aliquos

681 1646 770 1678 sicut
788 1645 872 1677 ratio
891 1645 1052 1677 dividitur
1070 1644 1102 1676 in
1121 1644 1334 1687 superiorem
1361 1650 1394 1676 et
1419 1643 1627 1683 inferiorem,
1647 1644 1691 1675 ita
1709 1650 1742 1676 et
1759 1644 1919 1676 voluntas
1945 1649 1980 1675 ut
2002 1644 2156 1676 habitum

682 1710 743 1736 est.
770 1703 903 1735 Dicitur
927 1702 1028 1735 etiam
1054 1703 1148 1744 quod
1173 1702 1262 1734 sicut
1287 1701 1562 1734 ratiocinativum
1589 1701 1713 1733 dicitur
1738 1701 1931 1734 intellectus
1957 1712 2035 1734 cum
2060 1712 2157 1744 prae·

682 1761 775 1793 dicto
799 1771 917 1799 sensu,
936 1761 981 1792 ita
1006 1760 1087 1792 huic
1107 1760 1297 1803 respondet
1322 1759 1496 1802 appetitus
1521 1759 1619 1801 quasi
1645 1759 1812 1792 electivus
1837 1759 1893 1801 qui
1920 1766 1971 1791 est
1996 1759 2157 1791 voluntas

683 1830 760 1852 cum
786 1818 940 1861 appetitu
965 1818 1142 1850 sensitivo.

1260 2059 1500 2100 QUAESTlo
1527 2059 1583 2090 1x.

798 2174 938 2212 Uirum
969 2173 1154 2210 voluntas
1182 2172 1241 2209 vel
1271 2171 1491 2208 intellectus
1519 2171 1571 2207 sit
1599 2171 1852 2208 excellentior
1877 2171 2063 2220 potentia.

773 2337 909 2370 Deinde
945 2336 1035 2368 circa
1060 2336 1254 2368 secundum
1291 2335 1558 2377 praedictorum,
1594 2334 1726 2367 scilicet
1760 2340 1872 2366 utrum
1907 2335 2068 2366 voluntas
2103 2335 2157 2367 vel

684 2395 878 2428 intellectus
913 2394 956 2426 sit
991 2393 1214 2426 excellentior
1248 2392 1403 2435 potentia
1439 2392 1489 2425 sic
1524 2392 1788 2434 procedebatur.
1822 2392 1937 2424 Primo
1977 2392 2158 2435 arguendo

685 2453 816 2485 scilicet
840 2453 934 2494 quod
959 2451 1153 2484 intellectus
1178 2451 1221 2482 sit
1245 2450 1468 2483 excellentior
1493 2461 1596 2492 quam
1620 2451 1790 2489 voluntas,
1817 2450 1898 2492 quia
1921 2449 1978 2482 illa
2002 2449 2158 2492 potentia

686 2516 738 2543 est
754 2510 976 2543 excellentior
990 2509 1002 2526 ⁵
1025 2509 1059 2541 in
1085 2520 1153 2551 qua
1169 2508 1327 2541 consistit
1352 2507 1587 2550 principaliter
1610 2507 1790 2540 beatitudo
1815 2518 1905 2549 quae
1930 2514 1982 2540 est
2006 2506 2157 2539 hominis

777 2661 783 2674 ¹
797 2668 851 2686 om.
866 2660 896 2686 P.
911 2676 943 2679 —
959 2660 968 2675 Ξ
982 2659 1107 2693 exigitur
1121 2659 1151 2685 Ρ.
1164 2675 1196 2678 -
1217 2659 1227 2675 ³
1241 2658 1505 2694 apprehensionem
1519 2658 1586 2684 add.
1602 2658 1631 2684 Ρ.
1646 2674 1679 2677 —
1694 2660 1702 2673 ⁴
1717 2657 1935 2684 distinctionem
1955 2658 1986 2684 P.
2001 2673 2033 2676 —
2049 2658 2059 2672 ⁵
2072 2666 2160 2695 quam

686 2720 718 2724 —-
735 2703 934 2737 excellentior]
951 2712 1005 2729 om.
1025 2703 1056 2729 P.
