2493 3458
716 451 888 477 TERTIUM
919 451 1214 484 QUODLIBETUM,
1245 452 1279 485 Q.
1310 451 1333 476 V
1709 453 1759 478 207

293 540 486 572 ostenditur
511 541 604 581 quod
629 551 699 571 non
725 541 823 578 valet⁷
850 551 929 571 nain
955 540 982 571 si
1015 551 1109 571 error
1145 546 1195 571 est
1231 541 1345 572 dicere
1383 541 1476 581 quod
1511 552 1638 582 corpus
1672 541 1761 572 Petri

292 598 407 629 vivum
448 603 481 629 et
520 602 690 629 mortuum
731 598 923 629 seeundum
960 608 996 629 se
1034 604 1066 629 et
1102 598 1165 629 sibi
1203 599 1356 629 relictum
1398 599 1439 629 sit
1475 599 1566 629 aliud
1604 604 1635 629 et
1669 598 1761 629 aliud

293 666 447 694 numero,
488 655 592 686 imino
632 655 868 686 necessarium
908 660 960 686 est
1000 655 1114 686 dicere
1154 656 1247 696 qnod
1288 662 1368 687 sunt
1403 656 1504 693 idem,
1541 666 1624 698 ergo
1661 655 1762 687 etiam

294 724 474 745 erroneum
502 718 552 744 est
578 712 692 744 dicere
717 713 811 753 quod
836 712 885 744 :sic
911 713 1023 743 dictae
1050 714 1138 744 duae
1164 714 1294 744 formae
1320 719 1399 744 sunt
1425 714 1523 744 simul
1553 713 1586 744 in
1611 713 1761 751 homine,

294 771 387 812 quod
413 781 489 802 cum
516 776 694 811 separatur
725 770 839 801 anima
863 770 1061 801 necessario
1088 771 1316 811 corrumpitur
1347 771 1421 808 alia,
1448 771 1475 801 si
1508 782 1591 802 suae
1620 776 1763 801 naturae

294 827 504 869 relinquatur
537 832 570 859 et
600 838 671 858 non
704 827 909 858 miraculose
942 833 1143 859 reservetur.
1176 829 1263 859 Nam
1305 828 1330 859 si
1373 829 1421 860 sic
1458 828 1638 869 perficiunt
1678 827 1763 859 istae

295 886 384 916 duae
416 885 546 916 formae
578 885 753 916 materiam
794 890 829 916 ut
865 885 983 916 dicunt
1020 885 1069 916 sic
1106 892 1288 926 ponentes,
1328 892 1409 917 tunc
1449 886 1574 917 nullius
1615 885 1764 916 hominis

295 954 423 984 corpus
456 942 570 974 vivum
612 948 644 973 et
683 948 854 973 mortuum
888 948 1001 984 potest
1033 954 1110 974 esse
1147 943 1237 974 idem
1278 954 1422 974 numero
1462 943 1661 974 naturaliter
1693 942 1764 974 sive

295 1011 378 1032 suae
404 1006 546 1031 naturae
572 1000 781 1038 derelictum⁷
808 1000 868 1031 sed
894 1001 1004 1031 solum
1031 1001 1335 1041 supernaturaliter
1360 1007 1392 1032 et
1417 1001 1631 1031 miraculose.

385 1059 618 1099 ‘Quocumque
644 1068 727 1100 ergo
753 1058 877 1099 posito,
897 1058 969 1089 sive
996 1059 1089 1099 quod
1115 1058 1157 1089 sit
1182 1064 1311 1089 tantum
1339 1069 1407 1089 una
1432 1059 1542 1090 forma
1567 1058 1600 1089 in
1626 1058 1765 1089 homine

296 1116 368 1148 sive
393 1116 487 1157 quod
513 1115 562 1147 sic
587 1115 654 1146 sint
672 1116 786 1157 plures
805 1116 898 1156 quod
925 1127 991 1146 una
1018 1127 1087 1147 non
1114 1116 1222 1157 possit
1248 1116 1362 1147 inesse
1388 1116 1550 1147 materiae
1568 1116 1766 1147 naturaliter

296 1174 371 1205 sine
396 1173 470 1212 alia,
501 1184 541 1205 ex
567 1184 635 1214 quo
661 1184 702 1205 ex
727 1174 794 1204 hoc
820 1173 974 1214 sequitur
1002 1174 1093 1214 quod
1125 1185 1251 1215 corpus
1277 1174 1366 1205 Petri
1395 1174 1508 1205 vivum
1535 1180 1567 1205 et
1596 1179 1766 1205 mortuum

296 1242 367 1263 non
393 1237 445 1263 est
469 1231 559 1262 idem
596 1242 740 1262 numero
777 1231 841 1262 nisi
878 1231 1093 1265 miraculose,
1124 1232 1221 1263 euin<
1255 1232 1461 1263 contrarium
1496 1231 1702 1273 supponitur
1735 1236 1767 1262 et

296 1295 421 1327 cetera,
441 1308 480 1311 —
506 1288 693 1329 aequaliter
711 1289 844 1319 videtur
869 1299 1051 1320 erroneum
1078 1300 1207 1330 ponere
1233 1290 1348 1331 plures
1374 1290 1501 1320 formas
1530 1289 1622 1321 dicto
1651 1289 1766 1326 modo,

298 1352 330 1378 et
354 1357 486 1388 ponere
512 1357 614 1377 unam
640 1346 785 1377 formam
811 1346 940 1377 scilicet
976 1347 1008 1377 in
1035 1347 1184 1385 homine,
1221 1353 1361 1388 propter
1397 1349 1464 1378 hoc
1497 1347 1592 1388 quod
1617 1348 1684 1378 hoc
1716 1352 1767 1378 est

299 1415 481 1436 erroneum
512 1404 545 1435 in
579 1414 615 1435 se
649 1404 741 1445 quod
767 1414 895 1445 eorpus
932 1404 1021 1436 Petri
1056 1405 1169 1435 rivum
1210 1410 1242 1435 et
1274 1411 1445 1436 mortuum
1479 1416 1550 1436 non
1581 1411 1633 1436 est
1665 1405 1766 1436 idem.

386 1461 449 1493 His
476 1461 557 1492 visis
591 1467 623 1493 et
655 1462 855 1503 suppositis,
889 1467 981 1503 patet
1014 1463 1107 1503 quod
1137 1468 1204 1493 tam
1237 1464 1428 1494 secundum
1462 1468 1632 1504 ponentes
1665 1474 1767 1494 unam

298 1521 443 1552 formam
469 1530 573 1560 quam
598 1520 790 1551 secundum
816 1526 987 1561 ponentes
1014 1521 1139 1561 plures,
1166 1521 1380 1552 uniformiter
1404 1526 1455 1552 est
1483 1522 1696 1562 loquendum
1726 1522 1768 1552 de

299 1588 446 1620 corpore
472 1577 599 1609 Christi
626 1583 658 1609 et
687 1578 729 1609 de
758 1578 963 1619 corporibus
992 1578 1146 1609 aliorum.
1172 1579 1260 1610 Nam
1289 1579 1346 1619 qui
1376 1579 1495 1610 dicunt
1522 1590 1649 1620 corpus
1678 1578 1769 1610 Petri

298 1635 414 1667 vivum
439 1641 471 1667 et
495 1640 666 1667 mortuum
693 1646 769 1667 esse
795 1635 885 1667 idem
911 1646 1065 1674 numero,
1092 1636 1211 1668 dicunt
1235 1637 1302 1668 hoc
1329 1637 1372 1668 de
1398 1647 1543 1678 corpore
1562 1637 1710 1675 Christi3
1737 1642 1770 1668 et

299 1704 317 1725 e
342 1704 512 1725 converso
539 1693 640 1724 etiam
666 1693 722 1734 qui
748 1693 867 1724 dicunt
892 1694 1119 1725 communiter
1137 1704 1262 1735 corpus
1286 1694 1375 1726 Petri
1400 1694 1515 1726 vivum
1541 1700 1573 1727 et
1597 1700 1769 1726 mortuum

299 1762 371 1783 non
396 1761 472 1783 esse
497 1750 588 1782 idem
613 1762 768 1790 munem,
793 1752 861 1782 hoc
886 1752 929 1783 (le
954 1762 1099 1793 corpore
1125 1752 1252 1783 Christi
1277 1752 1396 1784 dicunt
1421 1758 1453 1784 et
1478 1763 1496 1784 e
1521 1763 1703 1785 converso.

387 1809 429 1840 Et
462 1808 541 1850 quia
574 1808 724 1840 Paris-ius
761 1820 779 1840 a
817 1809 1023 1850 quibusdam
1057 1809 1195 1851 ponitur
1231 1811 1324 1851 quod
1360 1821 1487 1852 corpus
1528 1811 1619 1842 Petri
1654 1810 1770 1842 vivum

300 1871 334 1899 et
365 1872 537 1898 mortuum
573 1866 674 1898 fuerit
714 1866 816 1905 aliud,
857 1878 875 1898 a
914 1867 1121 1908 quibusdam
1162 1868 1380 1907 contrarium,
1421 1874 1580 1900 neutrum
1620 1868 1770 1900 Parisius

301 1930 465 1966 tanquam
501 1924 701 1966 simpliciter
733 1935 914 1956 erroneum
947 1925 1126 1956 iudicatur.
1162 1925 1204 1956 Et
1243 1926 1333 1957 idem
1374 1926 1508 1958 videtur
1543 1927 1643 1957 etiam
1681 1926 1772 1958 circa

301 1993 428 2024 corpus
461 1982 588 2014 Christi
624 1982 809 2014 dicendum
835 1989 1001 2023 quantum
1035 1984 1077 2014 ad
1111 1983 1274 2015 unitatem
1305 1985 1497 2015 secundum
1528 1985 1671 2015 formam
1694 1985 1772 2015 sul)-

302 2040 505 2079 stantialem,
532 2040 688 2081 quamvis
706 2051 887 2072 erroneum
913 2040 955 2071 sit
980 2042 1209 2082 reputandum
1235 2041 1349 2073 (licere
1375 2043 1469 2082 quod
1495 2053 1622 2084 corpus
1646 2042 1773 2073 Christi

301 2098 415 2130 vivum
433 2103 466 2129 et
490 2103 661 2129 mortuum
688 2109 759 2129 non
784 2098 847 2129 fuit
872 2098 963 2129 idem
989 2109 1133 2130 numero
1159 2104 1325 2139 quantum
1351 2100 1394 2130 ad
1420 2099 1585 2131 unitatem
1611 2101 1772 2141 hyposta-

302 2155 404 2187 ticam
432 2155 504 2187 sive
533 2156 704 2197 suppositi
731 2161 763 2188 et
792 2157 1010 2197 personalem
1045 2157 1138 2197 quod
1171 2168 1240 2187 non
1268 2157 1437 2200 contingit
1465 2158 1498 2188 in
1525 2157 1608 2189 aliis.
1637 2159 1676 2189 Et
1693 2157 1773 2190 ideo

303 2213 452 2256 graviter
468 2213 603 2245 Videtur
620 2214 813 2245 excessisse
839 2214 896 2255 qui
922 2214 1004 2245 dixit
1022 2216 1067 2255 (sl)
1093 2215 1169 2246 illos
1192 2214 1354 2246 articulos
1380 2226 1457 2247 esse
1482 2216 1774 2255 l1aereses,.da1n-

303 2276 402 2302 natas
420 2271 453 2302 in
472 2282 509 2303 se
526 2272 579 2303 vel
597 2271 662 2303 sibi
679 2271 856 2303 similibus.
875 2272 910 2303 In
930 2282 967 2303 se
985 2272 1123 2313 quidem
1142 2283 1223 2307 non,
1242 2273 1336 2313 quod
1361 2273 1488 2314 aliquid
1506 2273 1633 2305 sciatur
1654 2274 1775 2305 saltem

305 2329 542 2368 communiter,
575 2340 653 2360 cuin
678 2334 792 2360 tamen
818 2329 1068 2361 ha‹‘·1·eticorum
1099 2330 1317 2361 articulorum
1344 2330 1518 2361 damnatio
1547 2331 1673 2362 debeat
1698 2342 1775 2362 esse

304 2386 443 2428 publica
476 2392 509 2419 et
540 2387 715 2425 solemnis,
744 2398 809 2418 nec
846 2386 878 2418 in
910 2387 974 2418 sibi
1010 2387 1177 2418 similibus
1214 2388 1307 2428 quod
1342 2388 1491 2419 Parisius
1529 2389 1664 2420 sciatur.
1701 2389 1775 2420 Nec

305 2449 421 2477 tamen
460 2450 512 2476 est
552 2444 734 2476 verisimile
774 2445 868 2486 quod
908 2446 975 2476 hoc
1014 2445 1211 2477 venerabile
1251 2446 1401 2477 studium
1443 2446 1592 2477 Parisius
1633 2452 1700 2478 tam
1741 2447 1774 2478 in

306 2502 482 2546 theologia
512 2514 614 2544 quain
646 2502 681 2534 in
710 2502 781 2534 iure
810 2502 980 2534 canonico
1010 2503 1139 2534 lateret.
1172 2503 1291 2544 Nuper
1321 2503 1411 2535 enim
1439 2504 1653 2546 scripserunt
1681 2504 1776 2536 multi

343 2704 381 2736 (1)
396 2703 515 2729 Scilicet
528 2703 676 2728 Iohannes
689 2703 834 2728 Pechlmm
848 2712 856 2728 :
871 2713 882 2726 ‹<
896 2703 971 2728 Istos
987 2702 1074 2736 igitur
1089 2703 1226 2729 articulos
1240 2704 1376 2730 haereses
1391 2713 1455 2730 esse
1470 2704 1630 2737 damnatas,
1645 2704 1672 2730 in
1686 2713 1717 2730 se
1732 2705 1778 2731 vel

308 2746 367 2773 suis
383 2746 551 2773 similibus...
567 2746 784 2773 denunciamus.
796 2757 807 2771 ι,
829 2746 893 2772 DA
902 2755 914 2772 r
923 2755 942 2781 g
951 2755 966 2772 e
975 2755 992 2772 n
1002 2750 1012 2772 t
1022 2756 1033 2772 r
1042 2749 1072 2779 e,
1089 2747 1137 2772 loc.
1152 2747 1198 2773 cit.
