2493 3458
481 1361 547 1389 cod.
561 1362 585 1388 C

444 1397 495 1424 fol.
512 1399 559 1424 101
576 1397 616 1423 Rb

480 1703 545 1730 cod.
561 1704 581 1729 S

456 1738 506 1765 fol.
521 1740 555 1765 54
569 1739 608 1765 Ra

639 418 691 442 :352
1004 415 1194 443 MAGlSTRl
1224 415 1442 443 GODEFRIDI
1473 415 1524 442 DE
1554 415 1751 443 FONTIBUS

1188 624 1452 659 QUAi-:s'rlo
1484 624 1569 650 xxi

1297 704 1459 729 manwen.

644 801 753 829 Utrum
772 801 881 827 habens
899 802 1015 827 centum
1036 800 1130 826 libras
1149 800 1280 834 legititm*
1299 802 1326 825 (Ἰ
1345 802 1460 826 centum
1482 800 1574 825 mmm
1593 800 1629 825 de
1649 809 1741 826 restam
1770 802 1868 835 posset
1886 800 1950 826 sine
1977 799 2114 835 periurio

675 851 781 876 iurare
799 859 828 876 se
847 858 907 875 non
931 849 1037 875 habere
1065 849 1125 875 nisi
1149 851 1266 875 centum
1287 849 1382 874 libras
1407 851 1530 884 prupter
1549 849 1601 874 hoc
1627 849 1705 883 quod
1729 848 1858 884 [ιρι-μυῖα
1888 848 2034 874 usuraria
2054 857 2114 875 non

675 899 786 924 transi!
807 899 838 923 in
859 898 1026 924 ‹Iominimn
1047 898 1112 923 vius
1124 900 1171 930 (l).

727 1032 833 1058 Postea
848 1032 1043 1067 quaerebatur
1062 1039 1149 1057 unum
1170 1031 1319 1066 pertinens
1339 1030 1376 1057 ad
1396 1039 1541 1066 personas*
1558 1031 1733 1062 saeculares,
1753 1030 1867 1057 scilicet
1887 1035 1981 1056 utrum
2002 1030 2114 1059 habens

639 1085 755 1108 centum
775 1080 864 1107 libras
887 1080 1016 1116 legitime
1039 1085 1067 1106 et
1090 1084 1205 1106 centum
1229 1079 1318 1106 libras
1341 1079 1378 1106 de
1403 1088 1490 1106 usura
1510 1083 1609 1114 posset
1630 1079 1692 1105 sine
1713 1078 1862 1114 periurio¹
1889 1079 1984 1105 iurare
2003 1087 2036 1105 se
2055 1087 2114 1105 non

639 1130 748 1156 habere
767 1129 822 1156 nisi
843 1133 958 1156 centum
979 1129 1068 1155 libras
1088 1133 1209 1164 propter
1228 1129 1284 1155 hoc
1307 1128 1386 1163 quod
1406 1127 1530 1163 pecunia
1551 1127 1682 1154 usuraria
1702 1137 1758 1154 non
1780 1127 1882 1154 transit
1903 1127 1932 1154 in
1952 1127 2113 1154 dominium

618 1179 709 1205 'eius.
730 1179 765 1205 Et
785 1178 916 1214 arguitur
940 1177 1019 1213 quod
1045 1177 1096 1210 sic,
1116 1177 1184 1212 quia
1209 1177 1278 1204 nulli
1308 1176 1466 1212 acquiritur
1495 1177 1539 1202 ius
1568 1177 1595 1203 in
1626 1176 1722 1211 aliqua
1752 1185 1782 1203 re
1808 1176 1905 1203 ultra²
1932 1176 2114 1203 voluntatem

639 1227 748 1254 domini
781 1226 841 1254 veri
855 1227 872 1252 ⁹.
905 1226 964 1253 Sed
997 1230 1097 1253 contra
1130 1226 1310 1252 voluntatem
1343 1225 1398 1252 Dei
1427 1225 1475 1260 qui
1508 1230 1552 1252 est
1585 1233 1670 1251 verus
1702 1225 1844 1253 Dominus
1875 1225 2004 1251 omnium
2033 1228 2115 1252 tenet

639 1275 787 1302 usurarius
807 1276 959 1311 pecuniam
975 1275 1145 1302 usurariam.
1159 1275 1238 1309 Ergo
1258 1274 1306 1300 illa
1327 1274 1450 1309 pecunia
1473 1282 1531 1300 non
1551 1277 1595 1300 est
1615 1282 1677 1305 sua,
1697 1278 1725 1300 et
1747 1283 1798 1309 per
1813 1282 1997 1308 consequens
2015 1277 2115 1309 potest

639 1325 734 1351 iurare
753 1333 785 1350 se
805 1333 862 1351 non
882 1325 991 1351 habere
1011 1323 1090 1359 quod
1111 1328 1190 1350 tenet
1211 1332 1263 1359 per
1283 1331 1407 1349 usuram.
1569 1354 1574 1358 ¹

743 1377 746 1406 Ι
777 1374 894 1400 Contra.
921 1373 1078 1399 Voluntate
1105 1372 1165 1399 veri
1192 1371 1301 1399 domini
1328 1371 1376 1407 qui
1403 1370 1514 1398 tradit¹
1538 1371 1692 1406 pecuniam
1719 1371 1879 1397 usurariam
1894 1371 1912 1403 ⁸,
1938 1370 2044 1397 tradita
2069 1375 2115 1398 est

641 1424 666 1450 ei
687 1428 715 1450 et
736 1423 874 1450 translata
896 1426 940 1448 cst
955 1423 964 1437 ⁰
985 1430 1036 1457 per
1056 1430 1240 1456 consequens
1260 1420 1288 1447 in
1308 1420 1372 1447 eius
1393 1420 1561 1447 dominium.
1583 1420 1660 1454 Ergo
1680 1425 1708 1446 et
1729 1424 1838 1446 cetera.

730 1471 915 1507 Respondeo.
937 1470 982 1497 Ad
1010 1470 1228 1497 translationem
1256 1470 1316 1496 veri
1345 1469 1464 1496 dominii
1493 1469 1614 1495 alicuius
1635 1468 1675 1495 rei
1699 1469 1727 1495 in
1750 1469 1877 1504 aliquem
1898 1469 1936 1495 ita
1958 1468 2037 1504 quod
2055 1477 2114 1496 non

641 1526 789 1557 competat
820 1520 966 1555 repetitio,
997 1519 1152 1555 requiritur
1190 1518 1282 1545 libera
1314 1518 1450 1544 voluntas
1481 1517 1540 1544 veri
1583 1517 1693 1544 domini
1735 1526 1791 1552 qua
1827 1517 1898 1544 velit
1923 1517 1932 1532 ⁷
1969 1526 2034 1544 eam
2071 1517 2115 1544 sic

640 1570 805 1597 transferre.
819 1569 879 1596 Sed
899 1568 941 1595 sic
955 1577 1012 1595 non
1032 1572 1077 1595 est
1097 1567 1126 1594 in
1146 1567 1338 1594 translatione
1357 1566 1500 1602 pecuniae
1520 1566 1679 1597 usurariae,
1698 1566 1786 1592 immo
1800 1570 1845 1592 est
1865 1565 1903 1593 ibi
1918 1565 2114 1593 voluntarium

639 1619 758 1646 mixtum
786 1623 814 1645 ct
840 1627 897 1645 non
924 1618 1060 1644 voluntas
1085 1616 1186 1648 libera,
1211 1621 1241 1642 et
1266 1615 1334 1642 ideo
1365 1616 1514 1642 usurarius
1539 1624 1597 1642 non
1623 1619 1668 1641 est
1693 1623 1780 1641 verus
1809 1614 1945 1649 dominus
1970 1615 2114 1650 pecuniae

639 1668 788 1694 usurariae
815 1667 884 1702 quin
909 1670 1058 1701 competat
1084 1665 1229 1701 repetitio.
1249 1665 1360 1691 Tamen
1388 1664 1456 1690 licet
1482 1663 1523 1690 ita
1548 1663 1594 1696 sit,
1621 1663 1644 1690 si
1670 1664 1745 1690 iurat
1770 1663 1837 1690 talis
1862 1672 1895 1690 se
1920 1672 1978 1690 non
2005 1664 2113 1690 habere

639 1716 693 1744 nisi
725 1721 851 1748 centum,
882 1720 926 1742 cst
964 1715 1097 1750 periurus
1129 1714 1195 1749 quia
1237 1714 1398 1740 iuramenta
1429 1717 1495 1739 sunt
1530 1714 1533 1745 Ι
1569 1712 1704 1739 facienda
1741 1712 1901 1739 secundum
1930 1721 2114 1739 communem

639 1766 757 1793 modum
783 1764 946 1800 loquendi⁸
973 1763 1134 1790 secundum
1161 1771 1247 1798 quem
1273 1766 1489 1789 consueverunt
1515 1761 1576 1788 fleri
1597 1761 1767 1788 iuramenta.
1797 1761 1964 1788 Secundum
1993 1762 2116 1788 autem·

640 1823 823 1842 communem
864 1814 980 1840 modum
1022 1811 1163 1847 loquendi
1203 1811 1364 1838 secundum
1403 1819 1489 1845 quem
1521 1815 1735 1837 consueverunt
1767 1809 1858 1844 recipi
1891 1815 1920 1836 et
1951 1809 2013 1836 fieri
2045 1810 2115 1837 talia

640 1865 810 1895 iuramenta,
830 1862 878 1889 illa
899 1861 1022 1897 pecunia
1049 1866 1093 1888 est
1113 1869 1165 1887 sua
1185 1861 1253 1887 licet
1273 1859 1444 1895 simpliciter
1462 1868 1520 1886 non
1540 1859 1577 1886 sit
1596 1868 1658 1885 sua.
1680 1859 1715 1885 Et
1735 1858 1801 1885 ideo
1831 1862 1910 1885 esset
1925 1859 1946 1874 ¹⁰
1973 1859 2115 1894 periurus,

641 1917 669 1939 et
689 1911 756 1938 ideo
774 1913 791 1926 ¹¹
815 1911 937 1936 deberet
952 1909 1051 1936 dicere
1071 1908 1150 1944 quod
1169 1908 1238 1935 licet
1251 1908 1358 1934 habeat
1375 1908 1395 1922 ¹²
1417 1906 1568 1937 ducentas.
1582 1915 1639 1933 nnn
1661 1911 1757 1933 tamen
1778 1907 1866 1932 habet
1883 1907 1902 1922 ¹⁸
1921 1906 1975 1932 nisi
1996 1911 2112 1933 centum

640 1961 676 1987 <le
697 1960 802 1995 quibus
822 1968 879 1985 non
900 1962 1036 1994 oporteat
1053 1958 1070 1973 '¹
1092 1957 1190 1984 facere
1209 1956 1432 1983 restitutionem.

728 2008 787 2036 Sed
805 2009 825 2024 ¹¹·
852 2011 978 2043 ponatur
997 2015 1084 2033 casus
1099 2007 1128 2039 ¹⁶,
1156 2005 1269 2032 scilicet
1289 2005 1368 2040 quod
1388 2004 1460 2031 fiant
1482 2004 1625 2031 collectae
1648 2003 1765 2030 debitae
1789 2003 1817 2030 in
1840 2003 1937 2040 aliqua
1954 2005 1975 2019 ¹⁷
1993 2003 2113 2030 civitate

639 2058 800 2085 secundum
826 2056 996 2083 facultatem
1023 2054 1138 2087 civium,
1164 2059 1194 2081 et
1215 2062 1290 2080 unus
1315 2053 1472 2089 burgensis
1497 2053 1605 2080 habeat
1631 2053 1668 2079 de
1699 2052 1784 2079 bonis
1816 2052 1936 2079 alterius
1961 2057 2077 2079 centum
2093 2052 2114 2068 ¹⁸

640 2117 692 2143 per
712 2115 837 2133 usuram.
860 2105 938 2140 Quid
961 2103 1128 2131 faciendum
1153 2107 1199 2130 est
1223 2102 1251 2129 in
1277 2102 1327 2129 illo
1353 2102 1446 2128 casu?
1465 2101 1542 2136 Quia
1568 2102 1592 2128 si
1618 2110 1672 2128 nec
1698 2101 1747 2128 ille
1773 2111 1788 2128 a
1812 2110 1870 2137 quo
1890 2106 2032 2136 acceptae
2046 2105 2114 2128 sunt

639 2161 756 2183 centum
782 2163 835 2190 per
863 2162 980 2180 usuram
1009 2161 1064 2179 nec
1093 2152 1181 2178 etiam
1209 2151 1358 2178 usurarius
1386 2150 1435 2186 qui
1465 2154 1545 2177 tenet
1573 2150 1669 2177 solvat
1698 2150 1808 2186 aliquid
1837 2150 1874 2176 de
1903 2150 1959 2177 illis
1987 2154 2114 2184 centum,

639 2203 861 2232 defraudabitur
889 2202 1001 2233 civitas,
1021 2210 1086 2228 cum
1116 2201 1182 2227 illae
1211 2205 1327 2227 centum
1359 2200 1525 2235 pertineant
1545 2199 1582 2225 ad
1602 2199 1680 2226 bona
1693 2200 1713 2214 ¹⁹
1738 2199 1874 2226 civitatis.
1897 2199 1930 2226 In
1962 2199 2012 2226 tali
2040 2207 2113 2235 ergo

640 2262 709 2280 casu
738 2256 853 2279 tenetur
867 2252 889 2267 ²²⁰
917 2250 1066 2277 usurarius
1094 2249 1209 2276 dicere:
1239 2253 1354 2275 centum
1377 2249 1472 2275 habeo
1495 2248 1626 2283 legitime
1651 2252 1681 2274 et
1710 2252 1825 2275 centurn
1854 2248 1949 2274 habeo
1969 2247 2007 2274 de
2025 2255 2114 2274 usura

639 2311 655 2329 a
683 2302 733 2329 tali
753 2301 825 2328 cive.
846 2301 876 2327 Si
897 2299 992 2331 vultis,
1011 2298 1124 2325 tradam
1145 2302 1237 2324 ratam
1259 2297 1295 2324 de
1324 2297 1381 2324 illis
1400 2302 1516 2324 centum
1537 2297 1579 2323 sic
1609 2297 1688 2332 quod
1719 2301 1858 2332 quantum
1889 2296 2011 2329 dederit,
2030 2300 2112 2324 tanto

730 2437 882 2461 'asserere
903 2434 947 2460 vel
968 2433 1035 2458 add.
1051 2432 1083 2458 C.
1104 2446 1137 2450 —
1158 2431 1167 2446 ²¹
1181 2436 1283 2457 contra
1303 2430 1334 2457 C.
1356 2446 1387 2450 —
1408 2431 1419 2446 ³
1432 2430 1542 2456 domini
1563 2430 1633 2463 veri]
1654 2430 1714 2456 veri
1735 2429 1843 2456 domini
1865 2428 1896 2456 C.
1918 2445 1950 2449 -
1972 2431 1979 2444 ¹
1995 2429 2113 2456 tradidit

638 2480 664 2506 ei
687 2479 718 2506 C.
739 2494 771 2498 —
793 2479 802 2493 ⁵
817 2487 872 2503 om.
893 2476 925 2503 C.
946 2492 978 2496 -—
999 2477 1010 2490 ¹¹
1023 2480 1051 2502 et
1071 2482 1102 2501 ι(1
1123 2483 1160 2500 m.
1180 2474 1209 2501 S.
1230 2490 1262 2494 —
1286 2475 1294 2489 ⁷
1308 2474 1369 2500 vult
1389 2473 1421 2500 C.
1443 2489 1474 2492 —
1496 2474 1506 2489 ⁸
1519 2473 1665 2508 loquenda
1680 2472 1711 2499 C.
1733 2488 1766 2492 —-
1786 2473 1970 2499 ⁹secundum
1990 2473 2059 2499 add.
2079 2472 2114 2500 C.

638 2539 671 2542 -
688 2524 708 2538 ¹⁰
721 2526 765 2548 est
785 2521 817 2548 C.
837 2537 870 2540 —
893 2522 911 2536 ¹¹
926 2524 954 2546 et
974 2519 1051 2553 ideo]
1072 2522 1192 2554 propter
1211 2517 1289 2552 quod
1311 2517 1344 2544 C.
1363 2533 1397 2536 —
1419 2517 1576 2543 ¹²11abeam
1597 2517 1629 2543 C.
1651 2532 1683 2536 —-
1706 2518 1726 2532 ¹²
1739 2516 1834 2542 haheo
1855 2516 1887 2543 C.
1908 2532 1941 2536 —
1964 2518 1982 2532 ¹⁴
1996 2520 2114 2551 oportet

639 2567 671 2593 C.
692 2582 724 2585 -—
747 2566 767 2580 ¹³⁸
780 2565 810 2591 Si
831 2564 863 2591 C.
882 2579 916 2582 —
937 2564 957 2578 ¹⁰
970 2562 1049 2597 quod
1068 2563 1136 2588 add.
1152 2562 1184 2588 C.
1205 2577 1237 2580 —
1261 2562 1352 2587 '‘r-as.
1373 2561 1411 2593 S3
1431 2560 1529 2596 aliqua
1548 2560 1616 2586 add.
1636 2567 1671 2586 21¹
1692 2569 1728 2586 m.
1749 2560 1780 2586 S.
1800 2575 1832 2579 —-
1855 2561 1876 2576 ¹⁸
1889 2559 1977 2586 libras
1990 2560 2058 2586 add.
2079 2559 2112 2586 C.

639 2626 670 2629 ›-
695 2611 714 2625 ¹¹²
727 2610 835 2635 bonum
855 2607 887 2634 C.
909 2623 939 2626 -
961 2607 984 2640 ⁴²¹3
997 2610 1131 2632 teneatur
1151 2606 1184 2632 C.

728 2712 766 2741 (1)
789 2708 848 2735 Cfr.
869 2717 916 2743 pp⁴
937 2708 1063 2734 297-2fiesi.
