2493 3458
746 429 959 456 SECUNDUM
989 430 1285 463 QUODLIBETUM,
1314 430 1349 464 Q.
1375 431 1401 456 II
1773 433 1806 457 59

341 518 512 550 essentiae
530 519 602 550 sive
619 519 810 550 secundum
829 529 865 549 se
884 524 920 549 ut
937 525 988 549 est
1014 519 1204 550 animalitas
1229 524 1388 551 neutrum
1415 519 1479 550 sibi
1505 519 1718 559 determinat,
1744 520 1806 552 sed

341 582 393 608 est
406 575 606 607 indifferens
620 576 664 607 ad
677 581 868 616 utrumque.
884 576 995 613 Unde,
1011 582 1047 607 ut
1065 576 1209 617 dicitu),
1224 576 1419 608 humanitas
1438 588 1526 617 quae
1542 583 1594 609 est
1611 577 1644 608 in
1663 577 1806 609 Socrate

340 644 411 665 non
429 639 480 665 est
498 633 563 664 alia
580 634 622 664 ab
640 633 852 664 humanitate
870 644 959 674 quae
977 640 1029 665 est
1047 633 1079 664 in
1100 634 1253 671 Platone„
1273 645 1313 666 ex
1331 645 1373 666 eo
1396 635 1488 675 quod
1514 635 1588 676 ipsa
1613 640 1665 666 est
1688 636 1806 666 huma-

340 691 439 730 nitas,
464 701 530 723 nec
554 696 696 732 propter
720 692 787 722 hoc
813 696 864 722 est
889 702 957 722 una
983 702 1136 726 numero,
1163 692 1224 723 sed
1250 697 1302 723 est
1326 692 1391 723 alia
1411 698 1444 723 et
1469 692 1532 723 alia
1550 698 1690 734 propter
1714 692 1805 724 aliud

341 748 581 781 extrinsecum.
600 748 643 780 Et
671 750 673 789 Ι
701 750 769 780 1106
792 748 926 780 videtur
943 749 1057 789 aliquo
1082 750 1187 780 modo
1213 749 1328 792 colligi
1353 760 1394 781 ex
1419 749 1518 781 dictis
1543 750 1746 782 Avicennae
1760 752 1805 790 (2)

340 807 397 848 qui
415 806 496 838 dicit
518 806 551 837 in
570 806 700 848 Logica
718 817 780 837 sua
796 806 890 846 quod
909 806 1079 838 essentiae
1098 817 1209 838 rerum
1227 808 1354 849 duplex
1371 808 1501 839 habent
1519 818 1605 846 esse,
1624 807 1755 839 scilicet
1772 807 1806 839 in

341 864 572 907 singularibus
590 864 598 880 ¹
627 869 719 895 extra
749 864 801 895 vel
829 863 863 894 in
889 863 1072 895 intellectu.
1098 864 1280 906 Triplicem
1305 870 1419 896 autem
1444 866 1548 897 habet
1577 876 1806 907 unaquaeque

340 922 491 954 essentia
507 921 820 953 considerationem
847 921 919 952 sive
944 928 1161 962 respectum:
1187 933 1294 953 unum
1320 923 1511 954 secundum
1537 923 1630 964 quod
1655 923 1731 965 ipsa
1756 928 1807 954 est

340 980 533 1012 secundum
551 990 588 1011 se
610 990 680 1010 non
713 982 715 1020 Ι
744 980 850 1010 relata
875 980 918 1010 ad
944 979 1081 1020 aliquod
1107 979 1248 1011 istorum
1265 980 1276 995 2
1300 990 1378 1012 esse
1403 991 1469 1012 nec
1493 981 1536 1011 ad
1561 980 1688 1022 aliquid
1713 981 1807 1022 quod

340 1037 564 1079 consequitur
580 1037 700 1078 ipsam,
719 1038 912 1068 secundum
930 1037 1024 1077 quod
1043 1037 1118 1078 ipsa
1135 1043 1186 1068 est
1203 1037 1269 1075 sic3
1289 1037 1390 1069 alium
1409 1039 1602 1069 secundum
1620 1039 1714 1079 quod
1731 1038 1806 1080 ipsa

340 1101 393 1127 est
410 1095 444 1126 in
461 1094 705 1137 singularibus,
724 1100 757 1125 et
772 1094 907 1125 tertium
926 1095 1118 1126 secundum
1137 1095 1230 1136 quod
1248 1100 1301 1127 est
1321 1095 1354 1126 in
1372 1095 1555 1127 intellectu.

428 1152 500 1184 Sed
524 1152 665 1184 ulterius
691 1151 793 1193 aliqui
819 1152 938 1183 dicunt
963 1153 1056 1193 quod
1081 1152 1157 1193 ipsa
1186 1152 1358 1193 quidditas
1388 1158 1420 1185 et
1449 1153 1600 1185 essentia
1627 1153 1675 1185 rei
1703 1154 1807 1185 habet

340 1210 538 1242 huiusmodi
562 1217 630 1241 tres
655 1215 835 1251 respectus
856 1211 909 1241 vel
936 1210 1233 1242 considerationes
1258 1211 1450 1242 secundum
1475 1217 1543 1243 tres
1568 1212 1693 1243 modos
1718 1222 1806 1253 quos

340 1269 445 1300 habet
469 1268 503 1299 in
528 1278 627 1300 esse:
653 1279 759 1299 unum
786 1267 923 1308 quidem
949 1269 1053 1299 habet
1078 1273 1172 1299 extra
1188 1268 1222 1299 in
1240 1269 1342 1300 rebus
1364 1269 1457 1309 quod
1475 1268 1598 1300 dicitur
1616 1280 1693 1301 esse
1710 1275 1806 1300 natu-

340 1336 408 1365 rae,
442 1325 544 1357 alium
576 1325 611 1356 in
646 1325 822 1357 intellectu
855 1326 948 1366 quod
977 1325 1100 1357 dicitur
1133 1336 1211 1357 esse
1243 1326 1395 1365 rationis,
1429 1326 1565 1358 tertium
1597 1337 1678 1358 vero
1703 1327 1807 1359 habet

341 1383 533 1415 secundum
552 1394 589 1414 se
615 1384 709 1424 quod
735 1383 858 1414 dicitur
883 1394 960 1414 esse
986 1383 1167 1415 essentiae.
1194 1384 1282 1415 Nam
1307 1384 1389 1415 dicit
1413 1384 1595 1416 Avicenna
1612 1386 1668 1425 (3),
1687 1384 1807 1425 quinto

340 1441 599 1483 Metaphysicae
625 1441 718 1482 quod
741 1440 865 1472 animal
883 1447 1065 1482 acceptum
1083 1452 1160 1472 cum
1179 1441 1417 1473 accidentibus
1435 1442 1506 1473 suis
1524 1441 1557 1473 in
1575 1441 1807 1485 singularibus

341 1504 393 1531 est
409 1510 463 1530 res
480 1498 654 1537 naturalis,
673 1504 854 1540 acceptum
876 1510 958 1530 vero
976 1509 1054 1530 cum
1073 1499 1311 1531 accidentibus
1330 1499 1363 1530 in
1382 1499 1495 1530 anima
1513 1505 1565 1531 est
1581 1510 1635 1531 res
1653 1499 1807 1539 rationis,

341 1562 524 1598 acceptum
537 1556 548 1573 ³
564 1567 645 1588 vero
663 1557 856 1588 secundum
875 1567 912 1587 se
930 1562 981 1588 est
999 1567 1052 1588 res
1071 1557 1253 1588 essentiae.

429 1614 499 1646 Sed
517 1619 831 1655 quantamcumque
857 1614 1134 1655 probabilitatem
1159 1614 1315 1646 videatur
1339 1626 1475 1647 sumere
1501 1614 1592 1647 dicta
1616 1615 1741 1656 positio
1767 1626 1808 1646 ex

340 1671 439 1704 dictis
464 1671 649 1713 praedictis
675 1677 708 1703 et
733 1671 807 1703 aliis
832 1671 1045 1709 Avicennae,
1072 1677 1187 1703 tamen
1212 1683 1283 1703 non
1308 1672 1443 1704 videtur
1467 1684 1545 1705 esse
1573 1673 1808 1705 necessarium

340 1730 434 1771 quod
462 1729 600 1771 ponitur
628 1740 670 1760 eo
699 1730 803 1761 modo
833 1740 901 1770 quo
926 1730 1031 1761 verba
1056 1729 1238 1770 positionis
1268 1740 1391 1761 sonare
1420 1730 1589 1769 videntur,
1617 1730 1696 1762 licet
1720 1731 1808 1762 forte

338 1788 490 1819 habeant
518 1788 647 1819 bonum
676 1787 898 1819 intellectum.
932 1787 975 1818 Et
1008 1787 1109 1819 etiam
1142 1787 1333 1829 suppositis
1367 1787 1466 1820 dictis
1502 1788 1712 1835 Avicennae*
1738 1799 1808 1820 non

429 1925 435 1939 ¹
450 1924 637 1950 sensibilibus
651 1924 680 1950 P.
697 1940 729 1943 —
743 1925 753 1939 ‘³
767 1924 886 1959 aliquod
900 1924 1030 1958 istorum]
1046 1924 1174 1959 ipsorum
1191 1924 1309 1959 aliquod
1320 1925 1350 1950 P.
1365 1941 1398 1943 —
1409 1926 1419 1940 ⁸
1433 1929 1556 1960 accepta
1567 1925 1600 1954 V;
1612 1929 1763 1960 acceptam
1778 1925 1807 1952 P.

429 2022 466 2051 (1)
488 2021 571 2052 Ibid„
591 2025 673 2047 tract.
694 2021 727 2052 V,
751 2030 774 2047 6.
796 2023 808 2047 l
831 2021 892 2049 (fol.
916 2023 950 2047 86
974 2022 1034 2054 Vb).
1056 2021 1166 2047 «Unde
1193 2021 1217 2047 si
1243 2021 1307 2055 quis
1334 2021 1558 2056 interrogaverit
1584 2030 1620 2048 an
1646 2022 1808 2048 humanitas

340 2074 414 2100 quae
434 2070 479 2091 est
498 2065 526 2091 in
546 2066 667 2091 Platone
688 2075 723 2091 ex
744 2066 798 2091 hoc
820 2066 897 2100 quod
918 2070 961 2091 cst
985 2065 1147 2091 humanitas
1168 2066 1204 2092 sit
1225 2066 1281 2091 alia
1301 2066 1336 2091 ab
1357 2066 1405 2091 illa
1426 2075 1501 2100 quae
1520 2070 1564 2092 est
1588 2067 1615 2092 in
1639 2067 1760 2093 Socrate
1780 2070 1809 2093 et

339 2109 505 2136 necessario
526 2109 682 2136 dixerimus
696 2119 762 2142 non,
776 2119 834 2136 non
850 2110 996 2145 oportebit
1017 2111 1181 2136 consentire
1202 2110 1229 2135 ei
1248 2114 1278 2136 ut
1297 2110 1425 2139 dicatur:
1446 2120 1516 2145 ergo
1537 2112 1608 2137 haee
1629 2115 1657 2137 et
1676 2111 1723 2137 illa
1743 2115 1809 2137 sunt

339 2162 395 2179 una
415 2162 571 2180 numero...
585 2153 644 2180 Sed
664 2154 720 2180 1106
741 2154 819 2188 quod
839 2154 901 2189 ipsa
923 2158 965 2179 est
987 2154 1041 2179 alia
1063 2155 1098 2180 ab
1119 2154 1297 2180 humanitate
1314 2162 1387 2189 quae
1409 2158 1452 2180 est
1472 2155 1499 2180 in
1520 2155 1642 2181 Socrate
1662 2155 1808 2189 quoddam

340 2197 533 2224 extrinsecum
554 2202 605 2223 est.
620 2208 631 2222 »
647 2214 679 2216 —
693 2199 731 2230 (2)
746 2198 771 2223 Α
779 2198 951 2223 vicennae
972 2198 1098 2232 Logz'cae
1119 2197 1268 2229 (Venetiis,
1281 2199 1356 2230 1508,
1368 2198 1417 2224 fol.
1433 2201 1449 2224 2
1460 2199 1520 2231 Rb).
1543 2210 1554 2222 α
1568 2199 1719 2225 Essentiae
1739 2207 1809 2224 vero

339 2250 434 2267 rerum
455 2246 503 2267 aut
523 2246 589 2267 sunt
608 2241 636 2267 111
656 2241 727 2276 ipsis
747 2242 834 2267 rebus
855 2246 903 2267 aut
923 2246 988 2267 sunt
1009 2241 1036 2267 111
1057 2241 1214 2267 intellectu.
1235 2242 1320 2268 Unde
1339 2243 1448 2268 habent
1468 2247 1527 2268 tres
1546 2247 1706 2277 respectus.
1727 2243 1809 2270 Unus

339 2289 491 2319 respectus
511 2285 657 2311 essentiae
678 2289 722 2310 est
736 2285 895 2311 secundum
911 2285 988 2319 quod
1009 2285 1072 2319 ipsa
1093 2290 1137 2311 est
1156 2294 1213 2311 non
1228 2286 1319 2311 relata
1340 2286 1376 2311 ad
1397 2286 1514 2320 aliquod
1534 2286 1650 2312 tertium
1670 2295 1735 2313 esse
1755 2295 1809 2313 nec

341 2329 377 2355 ad
391 2329 420 2354 id
441 2329 519 2363 quod
533 2329 663 2363 sequitur
677 2337 740 2354 eam
756 2329 915 2355 secundum
936 2329 1013 2363 quod
1029 2329 1091 2363 ipsa
1107 2333 1150 2354 est
1164 2330 1214 2355 sict
1235 2329 1318 2355 Alius
1332 2334 1483 2364 respectus
1499 2334 1543 2356 est
1557 2330 1716 2356 secundum
1732 2330 1809 2365 quod

340 2376 384 2399 est
404 2373 431 2398 in
451 2373 495 2398 his
515 2373 711 2407 singularibus
732 2377 760 2398 et
781 2372 853 2398 alius
873 2372 1033 2398 secundum
1054 2373 1131 2407 quod
1152 2377 1195 2399 est
1215 2373 1243 2398 in
1263 2373 1445 2399 intellectu.»
1468 2389 1500 2392 —
1521 2376 1558 2403 (3)
1580 2374 1808 2409 AIetcsplzysicae,

340 2420 423 2442 tract.
434 2417 467 2449 V,
482 2425 505 2442 6.
522 2418 533 2442 l
549 2416 609 2449 (fol.
624 2417 657 2442 87
671 2416 731 2448 ij.
751 2432 760 2439 „
774 2416 890 2442 Animal
905 2425 975 2451 ergo
991 2421 1144 2451 acceptum
1159 2426 1224 2443 cum
1239 2417 1441 2443 accidentibus
1462 2417 1521 2443 suis
1537 2421 1581 2443 est
1596 2426 1641 2443 res
1661 2418 1810 2444 naturalis.

340 2460 503 2495 Acceptum
515 2469 585 2486 vero
598 2469 650 2494 per
665 2469 696 2486 se
708 2464 751 2486 est
765 2464 867 2485 natura
883 2460 918 2486 de
930 2469 986 2494 qua
1000 2460 1105 2486 dicitur
1119 2460 1198 2495 quod
1209 2469 1273 2486 esse
1285 2460 1347 2486 eius
1359 2460 1437 2495 prius
1450 2465 1493 2487 est
1505 2470 1591 2495 quam
1603 2470 1667 2487 esse
1678 2462 1809 2488 naturale

341 2504 416 2530 sicut
429 2503 552 2538 simplex
568 2503 647 2538 prius
661 2508 705 2530 est
720 2504 883 2538 composito
898 2508 926 2529 et
941 2504 995 2530 hoc
1010 2508 1054 2530 est
1076 2504 1156 2530 cuius
1171 2512 1236 2530 esse
1250 2504 1368 2539 proprie
1383 2504 1487 2531 dicitur
1505 2504 1633 2531 divinum
1654 2514 1719 2531 esse
1740 2514 1810 2539 quo-

340 2548 417 2573 niam
438 2556 526 2574 causa
548 2547 591 2573 sui
612 2556 677 2573 esse
698 2556 733 2573 ex
753 2547 808 2573 hoc
830 2547 907 2581 quod
928 2551 972 2573 est
992 2548 1098 2573 animal
1119 2551 1162 2573 est
1182 2548 1235 2573 Dei
1257 2547 1425 2574 intentione.
1447 2549 1544 2583 Ipsum
1568 2557 1637 2574 vero
1659 2557 1725 2575 esse
1745 2558 1809 2575 cum

295 2617 297 2620 ,
341 2591 462 2617 materia
473 2595 502 2617 et
516 2590 717 2617 accidentibus
728 2595 757 2617 et
768 2591 862 2625 ipsum
875 2599 939 2617 esse
951 2592 1006 2617 hoc
1017 2591 1198 2617 individuum
1211 2591 1342 2625 quamvis
1354 2591 1391 2617 sit
1402 2591 1499 2617 divina
1511 2592 1632 2618 intentio
1645 2592 1811 2619 attribuitur

341 2638 438 2660 tamen
451 2639 572 2661 naturae
591 2634 766 2669 particulari.
785 2634 870 2660 Unde
884 2634 958 2660 sicut
972 2635 1077 2660 animal
1098 2635 1126 2660 in
1147 2644 1211 2661 esse
1232 2636 1320 2661 habet
1339 2635 1437 2670 plures
1457 2636 1560 2661 modos
1582 2636 1623 2662 sic
1640 2636 1727 2662 etiam
1742 2636 1810 2662 etin

341 2677 498 2704 intellectu.
510 2679 543 2704 In
556 2679 705 2704 intellectu
720 2678 826 2704 etenim
837 2683 881 2704 est
895 2678 987 2704 forma
1002 2678 1133 2704 animalis
1148 2679 1294 2705 abstracta
1308 2679 1468 2705 secundum
1482 2679 1708 2706 abstractionem
1724 2688 1809 2714 quam

340 2722 537 2757 praediximus
552 2727 581 2749 et
601 2723 706 2749 dicitur
725 2722 819 2758 ipsum
840 2723 897 2749 hoc
915 2723 1003 2749 modo
1024 2723 1117 2749 forma
1138 2723 1336 2758 intelligibilis.
1353 2734 1364 2747 »

1863 737 1927 763 cod.
1941 737 1963 763 Ρ

1834 772 1882 799 fol.
1895 774 1943 799 141
1956 772 1996 798 Rb

1861 955 1926 981 cod.
1938 956 1964 981 V

1835 990 1885 1017 fol.
1896 992 1947 1017 258
1957 991 1998 1016 Va
