<?xml version="1.0" encoding="UTF-8"?>
<!DOCTYPE html PUBLIC "-//W3C//DTD XHTML 1.0 Transitional//EN"
    "http://www.w3.org/TR/xhtml1/DTD/xhtml1-transitional.dtd">
<html xmlns="http://www.w3.org/1999/xhtml" xml:lang="en" lang="en">
 <head>
  <title>
</title>
<meta http-equiv="Content-Type" content="text/html;charset=utf-8" />
  <meta name='ocr-system' content='tesseract 3.04.00' />
  <meta name='ocr-capabilities' content='ocr_page ocr_carea ocr_par ocr_line ocrx_word'/>
</head>
<body>
  <div class='ocr_page' id='page_1' title='image "./lesquatrepremier00godf_0301.png"; bbox 0 0 2493 3458; ppageno 0'>
   <div class='ocr_carea' id='block_1_1' title="bbox 716 433 1784 468">
    <p class='ocr_par' dir='ltr' id='par_1_1' title="bbox 716 433 1784 468">
     <span class='ocr_line' id='line_1_1' title="bbox 716 433 1784 468; baseline -0.001 -9"><span class='ocrx_word' id='word_1_1' title='bbox 716 433 909 467; x_wconf 80' lang='lat' dir='ltr'><strong>QUARTUM</strong></span> <span class='ocrx_word' id='word_1_2' title='bbox 940 434 1235 468; x_wconf 74' lang='lat' dir='ltr'>QUODLIBETUM,</span> <span class='ocrx_word' id='word_1_3' title='bbox 1266 434 1300 468; x_wconf 79' lang='lat' dir='ltr'>Q.</span> <span class='ocrx_word' id='word_1_4' title='bbox 1329 435 1382 460; x_wconf 80' lang='lat' dir='ltr'>XV</span> <span class='ocrx_word' id='word_1_5' title='bbox 1733 436 1784 461; x_wconf 75' lang='lat'>‘270</span> 
     </span>
    </p>
   </div>
   <div class='ocr_carea' id='block_1_2' title="bbox 315 522 1796 2121">
    <p class='ocr_par' dir='ltr' id='par_1_2' title="bbox 315 522 1796 2121">
     <span class='ocr_line' id='line_1_2' title="bbox 405 522 1785 565; baseline 0 -11"><span class='ocrx_word' id='word_1_6' title='bbox 405 523 616 564; x_wconf 87' lang='lat' dir='ltr'>Respondeo</span> <span class='ocrx_word' id='word_1_7' title='bbox 642 522 829 554; x_wconf 89' lang='lat' dir='ltr'>dicendum</span> <span class='ocrx_word' id='word_1_8' title='bbox 855 524 948 563; x_wconf 85' lang='lat' dir='ltr'>quod</span> <span class='ocrx_word' id='word_1_9' title='bbox 973 523 1001 554; x_wconf 87' lang='lat' dir='ltr'>si</span> <span class='ocrx_word' id='word_1_10' title='bbox 1032 523 1133 554; x_wconf 85' lang='lat' dir='ltr'>alicui</span> <span class='ocrx_word' id='word_1_11' title='bbox 1158 524 1371 555; x_wconf 86' lang='lat' dir='ltr'>concedatur</span> <span class='ocrx_word' id='word_1_12' title='bbox 1402 529 1556 565; x_wconf 76' lang='lat' dir='ltr'>potestas</span> <span class='ocrx_word' id='word_1_13' title='bbox 1582 523 1785 555; x_wconf 72' lang='lat' dir='ltr'>absolvendi</span> 
     </span>
     <span class='ocr_line' id='line_1_3' title="bbox 316 579 1785 622; baseline 0 -11"><span class='ocrx_word' id='word_1_14' title='bbox 316 579 515 622; x_wconf 89' lang='lat' dir='ltr'>simpliciter</span> <span class='ocrx_word' id='word_1_15' title='bbox 539 585 572 611; x_wconf 90' lang='lat' dir='ltr'>et</span> <span class='ocrx_word' id='word_1_16' title='bbox 604 585 727 618; x_wconf 82' lang='lat' dir='ltr'>cetera,</span> <span class='ocrx_word' id='word_1_17' title='bbox 754 580 787 611; x_wconf 89' lang='lat' dir='ltr'>in</span> <span class='ocrx_word' id='word_1_18' title='bbox 824 580 963 612; x_wconf 81' lang='lat' dir='ltr'>casibus</span> <span class='ocrx_word' id='word_1_19' title='bbox 997 580 1153 622; x_wconf 74' lang='lat' dir='ltr'>episcopi</span> <span class='ocrx_word' id='word_1_20' title='bbox 1190 592 1260 611; x_wconf 84' lang='lat' dir='ltr'>non</span> <span class='ocrx_word' id='word_1_21' title='bbox 1297 582 1439 612; x_wconf 81' lang='lat' dir='ltr'>haberet</span> <span class='ocrx_word' id='word_1_22' title='bbox 1472 586 1687 622; x_wconf 74' lang='lat' dir='ltr'>potestatem⁷</span> <span class='ocrx_word' id='word_1_23' title='bbox 1720 581 1785 612; x_wconf 82' lang='lat' dir='ltr'>nisi</span> 
     </span>
     <span class='ocr_line' id='line_1_4' title="bbox 315 637 1784 680; baseline 0.001 -11"><span class='ocrx_word' id='word_1_24' title='bbox 315 638 403 669; x_wconf 87' lang='lat' dir='ltr'>forte</span> <span class='ocrx_word' id='word_1_25' title='bbox 428 648 506 674; x_wconf 85' lang='lat' dir='ltr'>cum</span> <span class='ocrx_word' id='word_1_26' title='bbox 539 637 622 678; x_wconf 86' lang='lat' dir='ltr'>petit</span> <span class='ocrx_word' id='word_1_27' title='bbox 652 637 825 669; x_wconf 75' lang='lat' dir='ltr'>licentiam</span> <span class='ocrx_word' id='word_1_28' title='bbox 850 638 892 668; x_wconf 81' lang='lat' dir='ltr'>ab</span> <span class='ocrx_word' id='word_1_29' title='bbox 924 638 1093 679; x_wconf 79' lang='lat' dir='ltr'>episcopo</span> <span class='ocrx_word' id='word_1_30' title='bbox 1127 644 1158 669; x_wconf 92' lang='lat' dir='ltr'>et</span> <span class='ocrx_word' id='word_1_31' title='bbox 1187 639 1375 680; x_wconf 51' lang='lat' dir='ltr'>episowpus·</span> <span class='ocrx_word' id='word_1_32' title='bbox 1401 640 1468 669; x_wconf 86' lang='lat' dir='ltr'>hoc</span> <span class='ocrx_word' id='word_1_33' title='bbox 1494 649 1657 680; x_wconf 75' lang='lat' dir='ltr'>expresse</span> <span class='ocrx_word' id='word_1_34' title='bbox 1683 639 1784 670; x_wconf 85' lang='lat' dir='ltr'>dicat.</span> 
     </span>
     <span class='ocr_line' id='line_1_5' title="bbox 315 695 1787 739; baseline 0.001 -14"><span class='ocrx_word' id='word_1_35' title='bbox 315 696 352 726; x_wconf 91' lang='lat' dir='ltr'>In</span> <span class='ocrx_word' id='word_1_36' title='bbox 385 695 509 726; x_wconf 82' lang='lat' dir='ltr'>talibus</span> <span class='ocrx_word' id='word_1_37' title='bbox 541 695 631 726; x_wconf 90' lang='lat' dir='ltr'>enim</span> <span class='ocrx_word' id='word_1_38' title='bbox 668 695 856 737; x_wconf 78' lang='lat' dir='ltr'>privilegiis</span> <span class='ocrx_word' id='word_1_39' title='bbox 889 695 1088 736; x_wconf 79' lang='lat' dir='ltr'>simpliciter</span> <span class='ocrx_word' id='word_1_40' title='bbox 1126 696 1226 733; x_wconf 69' lang='lat' dir='ltr'>datis,</span> <span class='ocrx_word' id='word_1_41' title='bbox 1257 696 1308 727; x_wconf 77' lang='lat' dir='ltr'>ius</span> <span class='ocrx_word' id='word_1_42' title='bbox 1349 696 1548 737; x_wconf 70' lang='lat' dir='ltr'>episcopale</span> <span class='ocrx_word' id='word_1_43' title='bbox 1588 696 1787 739; x_wconf 81' lang='lat' dir='ltr'>intelligitur</span> 
     </span>
     <span class='ocr_line' id='line_1_6' title="bbox 318 752 1786 795; baseline 0.001 -12"><span class='ocrx_word' id='word_1_44' title='bbox 318 763 394 784; x_wconf 88' lang='lat' dir='ltr'>esse</span> <span class='ocrx_word' id='word_1_45' title='bbox 423 753 555 783; x_wconf 85' lang='lat' dir='ltr'>salvum</span> <span class='ocrx_word' id='word_1_46' title='bbox 585 753 710 792; x_wconf 79' lang='lat' dir='ltr'>(Extra,</span> <span class='ocrx_word' id='word_1_47' title='bbox 730 753 772 783; x_wconf 89' lang='lat' dir='ltr'>de</span> <span class='ocrx_word' id='word_1_48' title='bbox 798 752 996 795; x_wconf 76' lang='lat' dir='ltr'>privilegiis,</span> <span class='ocrx_word' id='word_1_49' title='bbox 1015 753 1214 793; x_wconf 72' lang='lat' dir='ltr'>Pastoralis&#39;)</span> <span class='ocrx_word' id='word_1_50' title='bbox 1230 756 1285 789; x_wconf 84' lang='grc'><strong>(1).</strong></span> <span class='ocrx_word' id='word_1_51' title='bbox 1308 753 1377 785; x_wconf 84' lang='lat' dir='ltr'>Sed</span> <span class='ocrx_word' id='word_1_52' title='bbox 1401 765 1441 785; x_wconf 80' lang='lat' dir='ltr'>ex</span> <span class='ocrx_word' id='word_1_53' title='bbox 1466 765 1534 795; x_wconf 85' lang='grc'><strong>(1110</strong></span> <span class='ocrx_word' id='word_1_54' title='bbox 1561 755 1603 785; x_wconf 90' lang='grc'>(16</span> <span class='ocrx_word' id='word_1_55' title='bbox 1626 754 1786 785; x_wconf 82' lang='lat' dir='ltr'>omnihus</span> 
     </span>
     <span class='ocr_line' id='line_1_7' title="bbox 317 809 1787 852; baseline 0.001 -11"><span class='ocrx_word' id='word_1_56' title='bbox 317 820 378 852; x_wconf 90' lang='lat' dir='ltr'>pro</span> <span class='ocrx_word' id='word_1_57' title='bbox 404 809 530 851; x_wconf 85' lang='lat' dir='ltr'>quibus</span> <span class='ocrx_word' id='word_1_58' title='bbox 558 821 627 841; x_wconf 92' lang='lat' dir='ltr'>non</span> <span class='ocrx_word' id='word_1_59' title='bbox 658 816 710 841; x_wconf 85' lang='lat' dir='ltr'>est</span> <span class='ocrx_word' id='word_1_60' title='bbox 738 810 840 841; x_wconf 88' lang='lat' dir='ltr'>sedes</span> <span class='ocrx_word' id='word_1_61' title='bbox 869 810 1061 851; x_wconf 80' lang='lat' dir='ltr'>apostolica</span> <span class='ocrx_word' id='word_1_62' title='bbox 1090 810 1306 851; x_wconf 76' lang='lat' dir='ltr'>requirenda,</span> <span class='ocrx_word' id='word_1_63' title='bbox 1326 812 1419 842; x_wconf 81' lang='lat' dir='ltr'>dedit</span> <span class='ocrx_word' id='word_1_64' title='bbox 1445 817 1651 852; x_wconf 80' lang='lat' dir='ltr'>potestatem</span> <span class='ocrx_word' id='word_1_65' title='bbox 1676 812 1787 843; x_wconf 80' lang='lat' dir='ltr'>absol-</span> 
     </span>
     <span class='ocr_line' id='line_1_8' title="bbox 317 867 1787 911; baseline 0.001 -13"><span class='ocrx_word' id='word_1_66' title='bbox 317 867 419 899; x_wconf 84' lang='lat' dir='ltr'>vendi</span> <span class='ocrx_word' id='word_1_67' title='bbox 449 878 612 909; x_wconf 75' lang='lat' dir='ltr'>expresse</span> <span class='ocrx_word' id='word_1_68' title='bbox 637 878 740 899; x_wconf 86' lang='lat' dir='ltr'>casus</span> <span class='ocrx_word' id='word_1_69' title='bbox 765 878 877 909; x_wconf 84' lang='lat' dir='ltr'>papae</span> <span class='ocrx_word' id='word_1_70' title='bbox 906 873 1100 903; x_wconf 77' lang='lat' dir='ltr'>reservatos</span> <span class='ocrx_word' id='word_1_71' title='bbox 1126 868 1332 910; x_wconf 84' lang='lat' dir='ltr'>excipiendo</span> <span class='ocrx_word' id='word_1_72' title='bbox 1363 875 1395 900; x_wconf 89' lang='lat' dir='ltr'>et</span> <span class='ocrx_word' id='word_1_73' title='bbox 1420 870 1640 911; x_wconf 61' lang='lat' dir='ltr'>denegando,</span> <span class='ocrx_word' id='word_1_74' title='bbox 1667 880 1787 900; x_wconf 86' lang='lat' dir='ltr'>omnes</span> 
     </span>
     <span class='ocr_line' id='line_1_9' title="bbox 317 924 1788 968; baseline 0.001 -12"><span class='ocrx_word' id='word_1_75' title='bbox 317 925 402 956; x_wconf 88' lang='lat' dir='ltr'>alios</span> <span class='ocrx_word' id='word_1_76' title='bbox 442 924 661 956; x_wconf 66' lang='lat' dir='ltr'>concessisse</span> <span class='ocrx_word' id='word_1_77' title='bbox 698 925 841 963; x_wconf 79' lang='lat' dir='ltr'>videtur,</span> <span class='ocrx_word' id='word_1_78' title='bbox 876 925 1043 968; x_wconf 74' lang='lat' dir='ltr'>vigesima</span> <span class='ocrx_word' id='word_1_79' title='bbox 1076 925 1194 966; x_wconf 87' lang='lat' dir='ltr'>quinta</span> <span class='ocrx_word' id='word_1_80' title='bbox 1235 926 1456 958; x_wconf 80' lang='lat' dir='ltr'>distinctione</span> <span class='ocrx_word' id='word_1_81' title='bbox 1497 927 1618 966; x_wconf 78' lang='lat' dir='ltr'>Qualis</span> <span class='ocrx_word' id='word_1_82' title='bbox 1640 929 1696 965; x_wconf 74' lang='lat'>(2),</span> <span class='ocrx_word' id='word_1_83' title='bbox 1730 926 1788 957; x_wconf 88' lang='lat' dir='ltr'>ubi</span> 
     </span>
     <span class='ocr_line' id='line_1_10' title="bbox 317 982 1788 1025; baseline 0.001 -11"><span class='ocrx_word' id='word_1_84' title='bbox 317 982 440 1014; x_wconf 87' lang='lat' dir='ltr'>dicitur</span> <span class='ocrx_word' id='word_1_85' title='bbox 464 983 558 1023; x_wconf 86' lang='lat' dir='ltr'>quod</span> <span class='ocrx_word' id='word_1_86' title='bbox 587 982 630 1014; x_wconf 87' lang='lat' dir='ltr'>de</span> <span class='ocrx_word' id='word_1_87' title='bbox 659 993 729 1013; x_wconf 90' lang='lat' dir='ltr'>uno</span> <span class='ocrx_word' id='word_1_88' title='bbox 761 988 908 1025; x_wconf 77' lang='lat' dir='ltr'>negatur</span> <span class='ocrx_word' id='word_1_89' title='bbox 937 983 979 1014; x_wconf 88' lang='lat' dir='ltr'>de</span> <span class='ocrx_word' id='word_1_90' title='bbox 1009 983 1082 1014; x_wconf 85' lang='lat' dir='ltr'>aliis</span> <span class='ocrx_word' id='word_1_91' title='bbox 1114 984 1261 1015; x_wconf 89' lang='lat' dir='ltr'>concedi</span> <span class='ocrx_word' id='word_1_92' title='bbox 1290 984 1432 1015; x_wconf 33' lang='lat' dir='ltr'>videtur*</span> <span class='ocrx_word' id='word_1_93' title='bbox 1463 984 1551 1015; x_wconf 91' lang='lat' dir='ltr'>Cum</span> <span class='ocrx_word' id='word_1_94' title='bbox 1585 984 1676 1015; x_wconf 89' lang='lat' dir='ltr'>enim</span> <span class='ocrx_word' id='word_1_95' title='bbox 1701 985 1788 1015; x_wconf 91' lang='lat' dir='ltr'>haec</span> 
     </span>
     <span class='ocr_line' id='line_1_11' title="bbox 317 1040 1789 1083; baseline 0.001 -12"><span class='ocrx_word' id='word_1_96' title='bbox 317 1040 475 1082; x_wconf 83' lang='lat' dir='ltr'>exceptio</span> <span class='ocrx_word' id='word_1_97' title='bbox 508 1050 652 1071; x_wconf 84' lang='lat' dir='ltr'>casuum</span> <span class='ocrx_word' id='word_1_98' title='bbox 681 1040 857 1081; x_wconf 83' lang='lat' dir='ltr'>papalium</span> <span class='ocrx_word' id='word_1_99' title='bbox 898 1040 1152 1083; x_wconf 74' lang='lat' dir='ltr'>intelligeretur,</span> <span class='ocrx_word' id='word_1_100' title='bbox 1182 1041 1282 1072; x_wconf 85' lang='lat' dir='ltr'>etiam</span> <span class='ocrx_word' id='word_1_101' title='bbox 1324 1041 1351 1072; x_wconf 83' lang='lat' dir='ltr'>si</span> <span class='ocrx_word' id='word_1_102' title='bbox 1384 1053 1455 1073; x_wconf 86' lang='lat' dir='ltr'>non</span> <span class='ocrx_word' id='word_1_103' title='bbox 1496 1047 1588 1073; x_wconf 78' lang='lat' dir='ltr'>esset</span> <span class='ocrx_word' id='word_1_104' title='bbox 1628 1041 1789 1083; x_wconf 83' lang='lat' dir='ltr'>apposita</span> 
     </span>
     <span class='ocr_line' id='line_1_12' title="bbox 319 1097 1788 1142; baseline 0.001 -14"><span class='ocrx_word' id='word_1_105' title='bbox 319 1097 445 1138; x_wconf 80' lang='lat' dir='ltr'>(Extra,</span> <span class='ocrx_word' id='word_1_106' title='bbox 472 1098 515 1129; x_wconf 85' lang='lat' dir='ltr'>de</span> <span class='ocrx_word' id='word_1_107' title='bbox 533 1097 649 1129; x_wconf 86' lang='lat' dir='ltr'>officio</span> <span class='ocrx_word' id='word_1_108' title='bbox 675 1097 779 1139; x_wconf 64' lang='lat' dir='ltr'>legati</span> <span class='ocrx_word' id='word_1_109' title='bbox 805 1098 910 1138; x_wconf 77' lang='lat' dir='ltr'>Quod</span> <span class='ocrx_word' id='word_1_110' title='bbox 933 1098 1196 1130; x_wconf 69' lang='lat' dir='ltr'>translationem</span> <span class='ocrx_word' id='word_1_111' title='bbox 1216 1099 1235 1139; x_wconf 80' lang='lat'>¹)</span> <span class='ocrx_word' id='word_1_112' title='bbox 1255 1102 1310 1135; x_wconf 66' lang='lat'>(3),</span> <span class='ocrx_word' id='word_1_113' title='bbox 1337 1110 1415 1131; x_wconf 93' lang='lat' dir='ltr'>cum</span> <span class='ocrx_word' id='word_1_114' title='bbox 1434 1099 1467 1130; x_wconf 93' lang='lat' dir='ltr'>in</span> <span class='ocrx_word' id='word_1_115' title='bbox 1493 1099 1585 1131; x_wconf 88' lang='lat' dir='ltr'>dicto</span> <span class='ocrx_word' id='word_1_116' title='bbox 1611 1099 1788 1142; x_wconf 77' lang='lat' dir='ltr'>privilegio</span> 
     </span>
     <span class='ocr_line' id='line_1_13' title="bbox 319 1155 1787 1198; baseline 0 -11"><span class='ocrx_word' id='word_1_117' title='bbox 319 1155 528 1197; x_wconf 84' lang='lat' dir='ltr'>exprimitur,</span> <span class='ocrx_word' id='word_1_118' title='bbox 554 1160 612 1186; x_wconf 84' lang='lat' dir='ltr'>aut</span> <span class='ocrx_word' id='word_1_119' title='bbox 637 1155 679 1186; x_wconf 87' lang='lat' dir='ltr'>de</span> <span class='ocrx_word' id='word_1_120' title='bbox 708 1155 816 1186; x_wconf 89' lang='lat' dir='ltr'>nihilo</span> <span class='ocrx_word' id='word_1_121' title='bbox 842 1156 904 1186; x_wconf 88' lang='lat' dir='ltr'>fuit</span> <span class='ocrx_word' id='word_1_122' title='bbox 932 1161 990 1187; x_wconf 89' lang='lat' dir='ltr'>aut</span> <span class='ocrx_word' id='word_1_123' title='bbox 1015 1157 1217 1187; x_wconf 81' lang='lat' dir='ltr'>denominat</span> <span class='ocrx_word' id='word_1_124' title='bbox 1242 1158 1336 1197; x_wconf 82' lang='lat' dir='ltr'>quod</span> <span class='ocrx_word' id='word_1_125' title='bbox 1354 1157 1464 1188; x_wconf 84' lang='lat' dir='ltr'>solum</span> <span class='ocrx_word' id='word_1_126' title='bbox 1491 1157 1535 1188; x_wconf 90' lang='lat' dir='ltr'>illi</span> <span class='ocrx_word' id='word_1_127' title='bbox 1561 1157 1787 1198; x_wconf 79' lang='lat' dir='ltr'>excipiuntur.</span> 
     </span>
     <span class='ocr_line' id='line_1_14' title="bbox 318 1212 1790 1257; baseline 0.001 -13"><span class='ocrx_word' id='word_1_128' title='bbox 318 1213 398 1244; x_wconf 88' lang='lat' dir='ltr'>Non</span> <span class='ocrx_word' id='word_1_129' title='bbox 431 1212 565 1244; x_wconf 88' lang='lat' dir='ltr'>videtur</span> <span class='ocrx_word' id='word_1_130' title='bbox 589 1218 703 1244; x_wconf 88' lang='lat' dir='ltr'>autem</span> <span class='ocrx_word' id='word_1_131' title='bbox 736 1213 939 1245; x_wconf 73' lang='lat' dir='ltr'>rationabile</span> <span class='ocrx_word' id='word_1_132' title='bbox 972 1214 1066 1254; x_wconf 88' lang='lat' dir='ltr'>quod</span> <span class='ocrx_word' id='word_1_133' title='bbox 1099 1215 1141 1245; x_wconf 88' lang='lat' dir='ltr'>de</span> <span class='ocrx_word' id='word_1_134' title='bbox 1166 1214 1273 1245; x_wconf 82' lang='lat' dir='ltr'>nihilo</span> <span class='ocrx_word' id='word_1_135' title='bbox 1310 1215 1456 1249; x_wconf 50' lang='lat' dir='ltr'>serviam</span> <span class='ocrx_word' id='word_1_136' title='bbox 1487 1226 1570 1257; x_wconf 80' lang='lat' dir='ltr'>ergo</span> <span class='ocrx_word' id='word_1_137' title='bbox 1608 1215 1719 1245; x_wconf 83' lang='lat' dir='ltr'>solum</span> <span class='ocrx_word' id='word_1_138' title='bbox 1746 1214 1790 1245; x_wconf 94' lang='lat' dir='ltr'>illi</span> 
     </span>
     <span class='ocr_line' id='line_1_15' title="bbox 320 1270 1790 1312; baseline 0.001 -10"><span class='ocrx_word' id='word_1_139' title='bbox 320 1270 545 1312; x_wconf 87' lang='lat' dir='ltr'>excipiuntur.</span> <span class='ocrx_word' id='word_1_140' title='bbox 576 1270 647 1301; x_wconf 88' lang='lat' dir='ltr'>Sed</span> <span class='ocrx_word' id='word_1_141' title='bbox 687 1270 767 1311; x_wconf 86' lang='lat' dir='ltr'>quia</span> <span class='ocrx_word' id='word_1_142' title='bbox 806 1281 877 1302; x_wconf 90' lang='lat' dir='ltr'>non</span> <span class='ocrx_word' id='word_1_143' title='bbox 918 1277 1065 1312; x_wconf 87' lang='lat' dir='ltr'>possunt</span> <span class='ocrx_word' id='word_1_144' title='bbox 1097 1272 1182 1303; x_wconf 80' lang='lat' dir='ltr'>tales</span> <span class='ocrx_word' id='word_1_145' title='bbox 1215 1273 1396 1304; x_wconf 75' lang='lat' dir='ltr'>absolvere</span> <span class='ocrx_word' id='word_1_146' title='bbox 1432 1272 1497 1303; x_wconf 87' lang='lat' dir='ltr'>nisi</span> <span class='ocrx_word' id='word_1_147' title='bbox 1535 1272 1713 1303; x_wconf 81' lang='lat' dir='ltr'>venientes</span> <span class='ocrx_word' id='word_1_148' title='bbox 1746 1272 1790 1303; x_wconf 84' lang='lat' dir='ltr'>ad</span> 
     </span>
     <span class='ocr_line' id='line_1_16' title="bbox 319 1327 1790 1372; baseline 0.001 -13"><span class='ocrx_word' id='word_1_149' title='bbox 319 1328 415 1369; x_wconf 87' lang='lat' dir='ltr'>ipsos</span> <span class='ocrx_word' id='word_1_150' title='bbox 455 1328 499 1359; x_wconf 89' lang='lat' dir='ltr'>de</span> <span class='ocrx_word' id='word_1_151' title='bbox 538 1327 676 1359; x_wconf 92' lang='lat' dir='ltr'>licentia</span> <span class='ocrx_word' id='word_1_152' title='bbox 715 1329 959 1369; x_wconf 72' lang='lat' dir='ltr'>praelatorum,</span> <span class='ocrx_word' id='word_1_153' title='bbox 993 1329 1073 1369; x_wconf 80' lang='lat' dir='ltr'>quia</span> <span class='ocrx_word' id='word_1_154' title='bbox 1113 1340 1153 1360; x_wconf 85' lang='lat' dir='ltr'>ex</span> <span class='ocrx_word' id='word_1_155' title='bbox 1194 1329 1373 1372; x_wconf 72' lang='lat' dir='ltr'>privilegio</span> <span class='ocrx_word' id='word_1_156' title='bbox 1413 1331 1543 1361; x_wconf 81' lang='lat' dir='ltr'>hahent</span> <span class='ocrx_word' id='word_1_157' title='bbox 1583 1335 1790 1371; x_wconf 81' lang='lat' dir='ltr'>potestatem</span> 
     </span>
     <span class='ocr_line' id='line_1_17' title="bbox 320 1385 1791 1428; baseline 0.001 -12"><span class='ocrx_word' id='word_1_158' title='bbox 320 1385 524 1417; x_wconf 80' lang='lat' dir='ltr'>absolvendi</span> <span class='ocrx_word' id='word_1_159' title='bbox 560 1386 602 1417; x_wconf 87' lang='lat' dir='ltr'>de</span> <span class='ocrx_word' id='word_1_160' title='bbox 639 1385 801 1417; x_wconf 81' lang='lat' dir='ltr'>omnibus</span> <span class='ocrx_word' id='word_1_161' title='bbox 839 1393 871 1417; x_wconf 90' lang='lat' dir='ltr'>et</span> <span class='ocrx_word' id='word_1_162' title='bbox 906 1387 1021 1418; x_wconf 76' lang='lat' dir='ltr'>claves</span> <span class='ocrx_word' id='word_1_163' title='bbox 1050 1392 1216 1428; x_wconf 85' lang='lat' dir='ltr'>quantum</span> <span class='ocrx_word' id='word_1_164' title='bbox 1251 1388 1293 1418; x_wconf 86' lang='lat' dir='ltr'>ad</span> <span class='ocrx_word' id='word_1_165' title='bbox 1327 1398 1448 1418; x_wconf 79' lang='lat' dir='ltr'>omnes</span> <span class='ocrx_word' id='word_1_166' title='bbox 1484 1388 1569 1419; x_wconf 83' lang='lat' dir='ltr'>tales</span> <span class='ocrx_word' id='word_1_167' title='bbox 1606 1398 1708 1419; x_wconf 82' lang='lat' dir='ltr'>casus</span> <span class='ocrx_word' id='word_1_168' title='bbox 1733 1387 1791 1428; x_wconf 84' lang='lat' dir='ltr'>qui</span> 
     </span>
     <span class='ocr_line' id='line_1_18' title="bbox 320 1443 1790 1486; baseline 0.002 -13"><span class='ocrx_word' id='word_1_169' title='bbox 320 1454 391 1474; x_wconf 87' lang='lat' dir='ltr'>non</span> <span class='ocrx_word' id='word_1_170' title='bbox 409 1448 490 1474; x_wconf 88' lang='lat' dir='ltr'>sunt</span> <span class='ocrx_word' id='word_1_171' title='bbox 514 1443 657 1484; x_wconf 86' lang='lat' dir='ltr'>papales</span> <span class='ocrx_word' id='word_1_172' title='bbox 675 1443 815 1481; x_wconf 70' lang='lat' dir='ltr'>solutas,</span> <span class='ocrx_word' id='word_1_173' title='bbox 841 1454 882 1475; x_wconf 82' lang='lat' dir='ltr'>ex</span> <span class='ocrx_word' id='word_1_174' title='bbox 906 1443 1045 1475; x_wconf 78' lang='lat' dir='ltr'>licentia</span> <span class='ocrx_word' id='word_1_175' title='bbox 1070 1450 1183 1475; x_wconf 88' lang='lat' dir='ltr'>autem</span> <span class='ocrx_word' id='word_1_176' title='bbox 1210 1446 1339 1476; x_wconf 80' lang='lat' dir='ltr'>habent</span> <span class='ocrx_word' id='word_1_177' title='bbox 1364 1446 1531 1486; x_wconf 86' lang='lat' dir='ltr'>populum</span> <span class='ocrx_word' id='word_1_178' title='bbox 1558 1451 1590 1477; x_wconf 88' lang='lat' dir='ltr'>et</span> <span class='ocrx_word' id='word_1_179' title='bbox 1615 1445 1790 1477; x_wconf 80' lang='lat' dir='ltr'>materiam</span> 
     </span>
     <span class='ocr_line' id='line_1_19' title="bbox 321 1500 1792 1544; baseline 0.001 -12"><span class='ocrx_word' id='word_1_180' title='bbox 321 1500 376 1533; x_wconf 91' lang='lat' dir='ltr'>cui</span> <span class='ocrx_word' id='word_1_181' title='bbox 415 1506 565 1542; x_wconf 80' lang='lat' dir='ltr'>possunt</span> <span class='ocrx_word' id='word_1_182' title='bbox 604 1500 803 1532; x_wconf 87' lang='lat' dir='ltr'>huiusmodi</span> <span class='ocrx_word' id='word_1_183' title='bbox 843 1505 1051 1542; x_wconf 84' lang='lat' dir='ltr'>potestatem</span> <span class='ocrx_word' id='word_1_184' title='bbox 1099 1513 1161 1543; x_wconf 86' lang='lat' dir='ltr'>per</span> <span class='ocrx_word' id='word_1_185' title='bbox 1200 1513 1299 1533; x_wconf 86' lang='lat' dir='ltr'>usum</span> <span class='ocrx_word' id='word_1_186' title='bbox 1341 1503 1488 1534; x_wconf 81' lang='lat' dir='ltr'>clavium</span> <span class='ocrx_word' id='word_1_187' title='bbox 1537 1503 1722 1544; x_wconf 75' lang='lat' dir='ltr'>applicare,</span> <span class='ocrx_word' id='word_1_188' title='bbox 1764 1503 1792 1534; x_wconf 82' lang='lat' dir='ltr'>si</span> 
     </span>
     <span class='ocr_line' id='line_1_20' title="bbox 320 1557 1792 1602; baseline 0.002 -13"><span class='ocrx_word' id='word_1_189' title='bbox 320 1557 463 1600; x_wconf 86' lang='lat' dir='ltr'>praelati</span> <span class='ocrx_word' id='word_1_190' title='bbox 499 1557 533 1589; x_wconf 87' lang='lat' dir='ltr'>in</span> <span class='ocrx_word' id='word_1_191' title='bbox 570 1558 687 1589; x_wconf 85' lang='lat' dir='ltr'>dando</span> <span class='ocrx_word' id='word_1_192' title='bbox 711 1558 884 1590; x_wconf 78' lang='lat' dir='ltr'>licentiam</span> <span class='ocrx_word' id='word_1_193' title='bbox 916 1559 998 1591; x_wconf 85' lang='lat' dir='ltr'>dent</span> <span class='ocrx_word' id='word_1_194' title='bbox 1030 1570 1105 1591; x_wconf 88' lang='lat' dir='ltr'>eam</span> <span class='ocrx_word' id='word_1_195' title='bbox 1141 1560 1341 1601; x_wconf 88' lang='lat' dir='ltr'>simpliciter</span> <span class='ocrx_word' id='word_1_196' title='bbox 1377 1566 1409 1592; x_wconf 87' lang='grc'>61</span> <span class='ocrx_word' id='word_1_197' title='bbox 1439 1561 1607 1599; x_wconf 77' lang='lat' dir='ltr'>absolute,</span> <span class='ocrx_word' id='word_1_198' title='bbox 1645 1566 1792 1602; x_wconf 82' lang='lat' dir='ltr'>possunt</span> 
     </span>
     <span class='ocr_line' id='line_1_21' title="bbox 322 1615 1793 1660; baseline 0.001 -13"><span class='ocrx_word' id='word_1_199' title='bbox 322 1616 365 1647; x_wconf 91' lang='lat' dir='ltr'>de</span> <span class='ocrx_word' id='word_1_200' title='bbox 383 1615 545 1647; x_wconf 83' lang='lat' dir='ltr'>omnibus</span> <span class='ocrx_word' id='word_1_201' title='bbox 571 1616 710 1647; x_wconf 83' lang='lat' dir='ltr'>casibus</span> <span class='ocrx_word' id='word_1_202' title='bbox 729 1616 883 1658; x_wconf 83' lang='lat' dir='ltr'>exceptis</span> <span class='ocrx_word' id='word_1_203' title='bbox 909 1617 1091 1658; x_wconf 78' lang='lat' dir='ltr'>papalibus</span> <span class='ocrx_word' id='word_1_204' title='bbox 1110 1618 1301 1656; x_wconf 67' lang='lat' dir='ltr'>absolvere,</span> <span class='ocrx_word' id='word_1_205' title='bbox 1328 1628 1406 1649; x_wconf 89' lang='lat' dir='ltr'>cum</span> <span class='ocrx_word' id='word_1_206' title='bbox 1425 1624 1540 1649; x_wconf 83' lang='lat' dir='ltr'>tamen</span> <span class='ocrx_word' id='word_1_207' title='bbox 1558 1629 1629 1649; x_wconf 91' lang='lat' dir='ltr'>non</span> <span class='ocrx_word' id='word_1_208' title='bbox 1648 1624 1793 1660; x_wconf 82' lang='lat' dir='ltr'>possent</span> 
     </span>
     <span class='ocr_line' id='line_1_22' title="bbox 322 1673 1793 1717; baseline 0.002 -13"><span class='ocrx_word' id='word_1_209' title='bbox 322 1675 390 1705; x_wconf 92' lang='lat' dir='ltr'>hoc</span> <span class='ocrx_word' id='word_1_210' title='bbox 414 1673 479 1705; x_wconf 84' lang='lat' dir='ltr'>nisi</span> <span class='ocrx_word' id='word_1_211' title='bbox 505 1673 585 1705; x_wconf 88' lang='lat' dir='ltr'>dicti</span> <span class='ocrx_word' id='word_1_212' title='bbox 611 1684 713 1705; x_wconf 86' lang='lat' dir='ltr'>casus</span> <span class='ocrx_word' id='word_1_213' title='bbox 738 1675 882 1716; x_wconf 82' lang='lat' dir='ltr'>papales</span> <span class='ocrx_word' id='word_1_214' title='bbox 908 1675 1019 1706; x_wconf 80' lang='lat' dir='ltr'>solum</span> <span class='ocrx_word' id='word_1_215' title='bbox 1045 1681 1077 1706; x_wconf 90' lang='lat' dir='ltr'>et</span> <span class='ocrx_word' id='word_1_216' title='bbox 1103 1686 1172 1706; x_wconf 82' lang='lat' dir='ltr'>non</span> <span class='ocrx_word' id='word_1_217' title='bbox 1199 1675 1255 1706; x_wconf 89' lang='lat' dir='ltr'>alii</span> <span class='ocrx_word' id='word_1_218' title='bbox 1280 1682 1397 1707; x_wconf 76' lang='lat' dir='ltr'>essent</span> <span class='ocrx_word' id='word_1_219' title='bbox 1423 1676 1588 1717; x_wconf 83' lang='lat' dir='ltr'>expressi.</span> <span class='ocrx_word' id='word_1_220' title='bbox 1615 1676 1651 1708; x_wconf 92' lang='lat' dir='ltr'>Si</span> <span class='ocrx_word' id='word_1_221' title='bbox 1678 1682 1793 1708; x_wconf 85' lang='lat' dir='ltr'>autem</span> 
     </span>
     <span class='ocr_line' id='line_1_23' title="bbox 322 1731 1793 1775; baseline 0.001 -12"><span class='ocrx_word' id='word_1_222' title='bbox 322 1732 405 1763; x_wconf 91' lang='lat' dir='ltr'>dent</span> <span class='ocrx_word' id='word_1_223' title='bbox 444 1732 509 1762; x_wconf 86' lang='lat' dir='ltr'>sub</span> <span class='ocrx_word' id='word_1_224' title='bbox 557 1731 772 1764; x_wconf 89' lang='lat' dir='ltr'>coartatione</span> <span class='ocrx_word' id='word_1_225' title='bbox 808 1732 875 1771; x_wconf 80' lang='lat' dir='ltr'>tali,</span> <span class='ocrx_word' id='word_1_226' title='bbox 913 1733 1007 1773; x_wconf 79' lang='lat' dir='ltr'>quod</span> <span class='ocrx_word' id='word_1_227' title='bbox 1043 1743 1121 1764; x_wconf 88' lang='grc'><strong>611111</strong></span> <span class='ocrx_word' id='word_1_228' title='bbox 1169 1734 1212 1764; x_wconf 81' lang='lat' dir='ltr'>al)</span> <span class='ocrx_word' id='word_1_229' title='bbox 1249 1733 1416 1775; x_wconf 84' lang='lat' dir='ltr'>episcopo</span> <span class='ocrx_word' id='word_1_230' title='bbox 1460 1739 1583 1775; x_wconf 85' lang='lat' dir='ltr'>petunt</span> <span class='ocrx_word' id='word_1_231' title='bbox 1618 1734 1793 1766; x_wconf 80' lang='lat' dir='ltr'>licentiam</span> 
     </span>
     <span class='ocr_line' id='line_1_24' title="bbox 322 1789 1792 1832; baseline 0.002 -12"><span class='ocrx_word' id='word_1_232' title='bbox 322 1789 395 1820; x_wconf 87' lang='lat' dir='ltr'>sive</span> <span class='ocrx_word' id='word_1_233' title='bbox 420 1789 514 1830; x_wconf 84' lang='lat' dir='ltr'>quod</span> <span class='ocrx_word' id='word_1_234' title='bbox 531 1800 608 1820; x_wconf 76' lang='lat' dir='ltr'>clem</span> <span class='ocrx_word' id='word_1_235' title='bbox 627 1789 815 1831; x_wconf 79' lang='lat' dir='ltr'>episcopus</span> <span class='ocrx_word' id='word_1_236' title='bbox 841 1790 899 1821; x_wconf 85' lang='lat' dir='ltr'>det</span> <span class='ocrx_word' id='word_1_237' title='bbox 923 1790 1097 1821; x_wconf 81' lang='lat' dir='ltr'>licentiam</span> <span class='ocrx_word' id='word_1_238' title='bbox 1115 1791 1186 1822; x_wconf 89' lang='lat' dir='ltr'>suis</span> <span class='ocrx_word' id='word_1_239' title='bbox 1205 1791 1351 1822; x_wconf 80' lang='lat' dir='ltr'>subditis</span> <span class='ocrx_word' id='word_1_240' title='bbox 1370 1792 1462 1832; x_wconf 78' lang='lat' dir='ltr'>quod</span> <span class='ocrx_word' id='word_1_241' title='bbox 1481 1791 1530 1823; x_wconf 85' lang='lat' dir='ltr'>eis</span> <span class='ocrx_word' id='word_1_242' title='bbox 1549 1791 1792 1830; x_wconf 77' lang='lat' dir='ltr'>confiteantur,</span> 
     </span>
     <span class='ocr_line' id='line_1_25' title="bbox 323 1846 1794 1890; baseline 0.002 -13"><span class='ocrx_word' id='word_1_243' title='bbox 323 1846 370 1878; x_wconf 80' lang='lat' dir='ltr'>sic</span> <span class='ocrx_word' id='word_1_244' title='bbox 394 1846 505 1877; x_wconf 89' lang='lat' dir='ltr'>dicat:</span> <span class='ocrx_word' id='word_1_245' title='bbox 532 1847 576 1878; x_wconf 89' lang='lat' dir='ltr'>do</span> <span class='ocrx_word' id='word_1_246' title='bbox 601 1846 775 1878; x_wconf 83' lang='lat' dir='ltr'>licentiam</span> <span class='ocrx_word' id='word_1_247' title='bbox 800 1853 836 1878; x_wconf 90' lang='lat' dir='ltr'>ut</span> <span class='ocrx_word' id='word_1_248' title='bbox 857 1847 956 1879; x_wconf 80' lang='lat' dir='ltr'>vohis</span> <span class='ocrx_word' id='word_1_249' title='bbox 982 1853 1147 1889; x_wconf 82' lang='lat' dir='ltr'>quantum</span> <span class='ocrx_word' id='word_1_250' title='bbox 1174 1849 1217 1879; x_wconf 81' lang='lat' dir='ltr'>ad</span> <span class='ocrx_word' id='word_1_251' title='bbox 1243 1859 1365 1880; x_wconf 84' lang='lat' dir='ltr'>omnes</span> <span class='ocrx_word' id='word_1_252' title='bbox 1395 1859 1496 1880; x_wconf 81' lang='lat' dir='ltr'>casus</span> <span class='ocrx_word' id='word_1_253' title='bbox 1526 1849 1680 1890; x_wconf 81' lang='lat' dir='ltr'>exceptis</span> <span class='ocrx_word' id='word_1_254' title='bbox 1713 1849 1794 1880; x_wconf 91' lang='lat' dir='ltr'>mihi</span> 
     </span>
     <span class='ocr_line' id='line_1_26' title="bbox 320 1903 1795 1948; baseline 0.003 -13"><span class='ocrx_word' id='word_1_255' title='bbox 320 1903 503 1936; x_wconf 78' lang='lat' dir='ltr'>reservatis</span> <span class='ocrx_word' id='word_1_256' title='bbox 540 1904 780 1943; x_wconf 83' lang='lat' dir='ltr'>confiteantur,</span> <span class='ocrx_word' id='word_1_257' title='bbox 818 1905 846 1936; x_wconf 89' lang='lat' dir='ltr'>si</span> <span class='ocrx_word' id='word_1_258' title='bbox 882 1905 931 1937; x_wconf 78' lang='lat' dir='ltr'>sic</span> <span class='ocrx_word' id='word_1_259' title='bbox 968 1906 1011 1937; x_wconf 87' lang='grc'>(16</span> <span class='ocrx_word' id='word_1_260' title='bbox 1047 1905 1110 1936; x_wconf 81' lang='lat' dir='ltr'>illis</span> <span class='ocrx_word' id='word_1_261' title='bbox 1147 1912 1340 1947; x_wconf 75' lang='lat' dir='ltr'>acceptant,</span> <span class='ocrx_word' id='word_1_262' title='bbox 1380 1917 1450 1938; x_wconf 87' lang='lat' dir='ltr'>non</span> <span class='ocrx_word' id='word_1_263' title='bbox 1490 1907 1648 1938; x_wconf 86' lang='lat' dir='ltr'>videntur</span> <span class='ocrx_word' id='word_1_264' title='bbox 1689 1918 1795 1948; x_wconf 86' lang='lat' dir='ltr'>posse</span> 
     </span>
     <span class='ocr_line' id='line_1_27' title="bbox 321 1958 1794 2005; baseline 0.001 -12"><span class='ocrx_word' id='word_1_265' title='bbox 321 1962 512 1993; x_wconf 82' lang='lat' dir='ltr'>absolvere.</span> <span class='ocrx_word' id='word_1_266' title='bbox 531 1961 567 1993; x_wconf 85' lang='lat' dir='ltr'>Si</span> <span class='ocrx_word' id='word_1_267' title='bbox 586 1973 657 1993; x_wconf 92' lang='lat' dir='ltr'>non</span> <span class='ocrx_word' id='word_1_268' title='bbox 682 1968 866 2004; x_wconf 82' lang='lat' dir='ltr'>acceptant</span> <span class='ocrx_word' id='word_1_269' title='bbox 891 1969 924 1994; x_wconf 90' lang='lat' dir='ltr'>et</span> <span class='ocrx_word' id='word_1_270' title='bbox 949 1958 1136 2005; x_wconf 79' lang='lat' dir='ltr'>episcopus</span> <span class='ocrx_word' id='word_1_271' title='bbox 1158 1964 1267 1995; x_wconf 70' lang='lat' dir='ltr'>dicat:</span> <span class='ocrx_word' id='word_1_272' title='bbox 1294 1964 1445 2005; x_wconf 75' lang='lat' dir='ltr'>alioquin</span> <span class='ocrx_word' id='word_1_273' title='bbox 1472 1965 1563 1995; x_wconf 84' lang='lat' dir='ltr'>nulla</span> <span class='ocrx_word' id='word_1_274' title='bbox 1577 1965 1621 1996; x_wconf 79' lang='lat' dir='ltr'>sit</span> <span class='ocrx_word' id='word_1_275' title='bbox 1646 1965 1794 2004; x_wconf 84' lang='lat' dir='ltr'>licentia,</span> 
     </span>
     <span class='ocr_line' id='line_1_28' title="bbox 321 2019 1795 2062; baseline 0.003 -11"><span class='ocrx_word' id='word_1_276' title='bbox 321 2019 389 2051; x_wconf 82' lang='lat' dir='ltr'>iarn</span> <span class='ocrx_word' id='word_1_277' title='bbox 415 2020 458 2051; x_wconf 88' lang='lat' dir='ltr'>de</span> <span class='ocrx_word' id='word_1_278' title='bbox 482 2020 585 2051; x_wconf 80' lang='lat' dir='ltr'>nullis</span> <span class='ocrx_word' id='word_1_279' title='bbox 617 2020 777 2052; x_wconf 74' lang='lat' dir='ltr'>videntur</span> <span class='ocrx_word' id='word_1_280' title='bbox 812 2031 916 2062; x_wconf 82' lang='lat' dir='ltr'>posse</span> <span class='ocrx_word' id='word_1_281' title='bbox 942 2022 1132 2052; x_wconf 73' lang='lat' dir='ltr'>absolvere.</span> <span class='ocrx_word' id='word_1_282' title='bbox 1164 2022 1233 2053; x_wconf 82' lang='lat' dir='ltr'>Sed</span> <span class='ocrx_word' id='word_1_283' title='bbox 1270 2033 1347 2053; x_wconf 90' lang='lat' dir='ltr'>cum</span> <span class='ocrx_word' id='word_1_284' title='bbox 1383 2022 1562 2053; x_wconf 78' lang='lat' dir='ltr'>inferiores</span> <span class='ocrx_word' id='word_1_285' title='bbox 1595 2023 1795 2054; x_wconf 77' lang='lat' dir='ltr'>sacerdotes</span> 
     </span>
     <span class='ocr_line' id='line_1_29' title="bbox 324 2078 1796 2121; baseline 0.002 -13"><span class='ocrx_word' id='word_1_286' title='bbox 324 2088 395 2108; x_wconf 90' lang='lat' dir='ltr'>non</span> <span class='ocrx_word' id='word_1_287' title='bbox 430 2078 582 2109; x_wconf 82' lang='lat' dir='ltr'>habeant</span> <span class='ocrx_word' id='word_1_288' title='bbox 614 2083 822 2119; x_wconf 83' lang='lat' dir='ltr'>potestatem</span> <span class='ocrx_word' id='word_1_289' title='bbox 855 2078 921 2110; x_wconf 85' lang='lat' dir='ltr'>nisi</span> <span class='ocrx_word' id='word_1_290' title='bbox 953 2080 995 2110; x_wconf 90' lang='grc'>(16</span> <span class='ocrx_word' id='word_1_291' title='bbox 1028 2079 1283 2117; x_wconf 73' lang='lat' dir='ltr'>communibus⁷</span> <span class='ocrx_word' id='word_1_292' title='bbox 1310 2090 1376 2111; x_wconf 89' lang='lat' dir='ltr'>nec</span> <span class='ocrx_word' id='word_1_293' title='bbox 1407 2081 1559 2111; x_wconf 75' lang='lat' dir='ltr'>habeant</span> <span class='ocrx_word' id='word_1_294' title='bbox 1590 2086 1796 2121; x_wconf 79' lang='lat' dir='ltr'>potestatem</span> 
     </span>
    </p>
   </div>
   <div class='ocr_carea' id='block_1_3' title="bbox 324 2135 1797 2235">
    <p class='ocr_par' dir='ltr' id='par_1_3' title="bbox 324 2135 1797 2235">
     <span class='ocr_line' id='line_1_30' title="bbox 324 2135 1797 2180; baseline 0.002 -14"><span class='ocrx_word' id='word_1_295' title='bbox 324 2135 378 2166; x_wconf 77' lang='lat' dir='ltr'>vel</span> <span class='ocrx_word' id='word_1_296' title='bbox 403 2135 692 2167; x_wconf 85' lang='lat' dir='ltr'>consuetudinem</span> <span class='ocrx_word' id='word_1_297' title='bbox 718 2135 852 2177; x_wconf 81' lang='lat' dir='ltr'>aliquos</span> <span class='ocrx_word' id='word_1_298' title='bbox 878 2137 1088 2175; x_wconf 78' lang='lat' dir='ltr'>reservandi,</span> <span class='ocrx_word' id='word_1_299' title='bbox 1116 2138 1232 2168; x_wconf 86' lang='lat' dir='ltr'>dando</span> <span class='ocrx_word' id='word_1_300' title='bbox 1257 2137 1431 2169; x_wconf 85' lang='lat' dir='ltr'>licentiam</span> <span class='ocrx_word' id='word_1_301' title='bbox 1458 2138 1542 2169; x_wconf 86' lang='lat' dir='ltr'>dant</span> <span class='ocrx_word' id='word_1_302' title='bbox 1568 2149 1643 2170; x_wconf 83' lang='lat' dir='ltr'>eam</span> <span class='ocrx_word' id='word_1_303' title='bbox 1670 2138 1797 2180; x_wconf 81' lang='lat' dir='ltr'>simpli-</span> 
     </span>
     <span class='ocr_line' id='line_1_31' title="bbox 326 2192 785 2235; baseline 0.002 -11"><span class='ocrx_word' id='word_1_304' title='bbox 326 2192 409 2225; x_wconf 90' lang='lat' dir='ltr'>citer</span> <span class='ocrx_word' id='word_1_305' title='bbox 433 2198 600 2234; x_wconf 86' lang='lat' dir='ltr'>quantum</span> <span class='ocrx_word' id='word_1_306' title='bbox 625 2199 785 2235; x_wconf 85' lang='lat' dir='ltr'>possunt.</span> 
     </span>
    </p>
   </div>
   <div class='ocr_carea' id='block_1_4' title="bbox 419 2628 682 2655">
    <p class='ocr_par' dir='ltr' id='par_1_4' title="bbox 419 2628 682 2655">
     <span class='ocr_line' id='line_1_32' title="bbox 419 2628 682 2655; baseline 0.004 -1"><span class='ocrx_word' id='word_1_307' title='bbox 419 2630 426 2644; x_wconf 90' lang='lat'>¹</span> <span class='ocrx_word' id='word_1_308' title='bbox 441 2628 628 2655; x_wconf 86' lang='lat' dir='ltr'>collationem</span> <span class='ocrx_word' id='word_1_309' title='bbox 648 2629 682 2655; x_wconf 78' lang='lat' dir='ltr'>V.</span> 
     </span>
    </p>
   </div>
   <div class='ocr_carea' id='block_1_5' title="bbox 417 2725 1631 2762">
    <p class='ocr_par' dir='ltr' id='par_1_5' title="bbox 417 2725 1631 2762">
     <span class='ocr_line' id='line_1_33' title="bbox 417 2725 1631 2762; baseline 0.004 -11"><span class='ocrx_word' id='word_1_310' title='bbox 417 2727 456 2758; x_wconf 79' lang='lat'>(1)</span> <span class='ocrx_word' id='word_1_311' title='bbox 478 2734 501 2753; x_wconf 90' lang='lat' dir='ltr'>c.</span> <span class='ocrx_word' id='word_1_312' title='bbox 524 2727 564 2753; x_wconf 83' lang='lat'>19.</span> <span class='ocrx_word' id='word_1_313' title='bbox 584 2726 617 2752; x_wconf 85' lang='lat' dir='ltr'>X.</span> <span class='ocrx_word' id='word_1_314' title='bbox 639 2725 676 2751; x_wconf 90' lang='lat' dir='ltr'>de</span> <span class='ocrx_word' id='word_1_315' title='bbox 696 2725 790 2762; x_wconf 86' lang='lat' dir='ltr'>privil.</span> <span class='ocrx_word' id='word_1_316' title='bbox 811 2726 844 2752; x_wconf 79' lang='lat' dir='ltr'>V.</span> <span class='ocrx_word' id='word_1_317' title='bbox 865 2728 906 2752; x_wconf 84' lang='lat'>33.</span> <span class='ocrx_word' id='word_1_318' title='bbox 927 2742 959 2744; x_wconf 97' lang='lat'><strong>—</strong></span> <span class='ocrx_word' id='word_1_319' title='bbox 981 2728 1018 2760; x_wconf 75' lang='lat'>(2)</span> <span class='ocrx_word' id='word_1_320' title='bbox 1035 2735 1058 2752; x_wconf 88' lang='lat' dir='ltr'>c.</span> <span class='ocrx_word' id='word_1_321' title='bbox 1078 2729 1102 2754; x_wconf 76' lang='lat'>4.</span> <span class='ocrx_word' id='word_1_322' title='bbox 1124 2728 1158 2753; x_wconf 91' lang='lat' dir='ltr'>D.</span> <span class='ocrx_word' id='word_1_323' title='bbox 1178 2728 1266 2754; x_wconf 74' lang='lat' dir='ltr'>XXV.</span> <span class='ocrx_word' id='word_1_324' title='bbox 1288 2745 1320 2747; x_wconf 97' lang='lat'><strong>—</strong></span> <span class='ocrx_word' id='word_1_325' title='bbox 1340 2730 1378 2762; x_wconf 77' lang='lat'>(3)</span> <span class='ocrx_word' id='word_1_326' title='bbox 1400 2737 1423 2755; x_wconf 90' lang='lat' dir='ltr'>c.</span> <span class='ocrx_word' id='word_1_327' title='bbox 1443 2731 1467 2756; x_wconf 78' lang='lat'>4.</span> <span class='ocrx_word' id='word_1_328' title='bbox 1487 2730 1522 2756; x_wconf 92' lang='lat' dir='ltr'>D.</span> <span class='ocrx_word' id='word_1_329' title='bbox 1543 2730 1631 2757; x_wconf 78' lang='lat' dir='ltr'>XXX.</span> 
     </span>
    </p>
   </div>
  </div>
 </body>
</html>
