2493 3458
487 2076 552 2103 cod.
567 2076 592 2102 V

456 2111 505 2138 fol.
519 2113 569 2138 271
585 2112 626 2138 Va

647 440 691 464 151
1008 437 1196 463 MAGISTRI
1227 436 1443 462 GODEFRIDI
1475 436 1525 462 DE
1555 435 1751 462 FONTIBUS

643 528 711 559 hoc
740 538 810 559 non
838 526 1009 568 contingit
1037 538 1078 558 ex
1108 526 1183 568 ipsa
1210 525 1346 558 actione
1374 525 1427 557 vel
1457 525 1647 557 intentione
1676 525 1769 556 avari
1797 525 1863 557 nisi
1888 526 2029 557 multum
2055 537 2116 568 per

644 584 819 624 accidens,
838 584 917 626 quia
934 596 999 616 nec
1024 583 1191 626 pecunias
1209 583 1409 625 acquirebat
1427 593 1492 615 nec
1516 583 1749 615 conservabat
1766 588 1802 614 ut
1819 582 2114 616 distribuerentur.

645 642 686 674 Et
704 642 783 675 ideo
802 642 878 674 talis
895 642 1090 674 distributio
1108 652 1270 684 sequens,
1289 646 1364 673 esto
1382 641 1476 682 quod
1495 641 1588 672 bona
1612 640 1664 677 sit,
1687 640 1770 672 nihil
1796 641 1878 673 facit
1903 642 1945 672 ad
1971 641 2115 673 diminu-

643 699 771 732 tionem
805 699 952 732 malitiae
984 699 1087 739 avari,
1120 700 1181 732 sed
1213 711 1254 731 ex
1285 699 1359 741 ipsa
1392 698 1530 730 actione
1563 698 1699 742 prodigi
1729 704 1990 740 consequuntur
2021 698 2117 731 multi

644 758 767 790 mult1s
793 758 966 797 utilitates,
992 757 1071 800 quia
1097 757 1171 789 eius
1196 756 1286 789 actio
1311 762 1363 788 est
1387 756 1479 788 dare.

1211 1010 1450 1052 QUAESTIO
1477 1011 1561 1042 XIII.

759 1138 899 1176 Utrum
931 1137 1048 1174 licea!
1078 1137 1286 1186 religiosos
1317 1137 1505 1173 iuducere
1530 1137 1671 1173 divites
1700 1138 1754 1173 ud
1782 1137 2010 1187 eugendum

803 1203 1052 1254 sepulturam
1085 1204 1124 1240 1'u
1157 1204 1399 1240 coemeteriis
1428 1203 1486 1240 vel
1517 1203 1556 1239 1'11
1588 1203 1778 1240 claustris
1803 1217 1953 1240 eorum.

735 1382 872 1414 Deinde
908 1381 999 1413 circa
1041 1381 1247 1423 pertinentia
1279 1381 1322 1412 ad
1355 1381 1526 1422 quosdam
1552 1380 1711 1412 homines
1744 1381 1939 1422 specialiter
1977 1387 2010 1413 et
2050 1382 2118 1413 1100

646 1440 833 1482 respectu¹
858 1439 1014 1481 corporis
1039 1438 1179 1470 humani
1205 1438 1408 1480 sepeliendi,
1434 1439 1691 1480 quaerebantur
1715 1439 1886 1480 quaedam
1913 1438 2118 1480 pertinentia

646 1498 688 1530 ad
718 1497 912 1540 religiosos,
938 1497 1108 1539 quaedam
1135 1496 1340 1538 pertinentia
1366 1497 1410 1528 ad
1436 1497 1638 1528 sacerdotes
1668 1502 1816 1528 curatos.
1847 1496 1947 1528 Circa
1973 1496 2120 1539 primum

645 1548 877 1598 quaerebatur
910 1566 1027 1594 unum,
1061 1560 1172 1586 utrum
1205 1554 1334 1587 scilicet
1367 1554 1468 1586 liceat
1501 1554 1682 1595 religiosos
1716 1554 1881 1586 inducere
1915 1554 2037 1587 divites
2076 1554 2120 1586 ad

646 1614 844 1657 eligendum
885 1613 1097 1655 sepulturam
1130 1612 1163 1644 in
1197 1612 1414 1645 coemeteriis
1447 1612 1526 1644 vel²
1558 1612 1717 1644 claustris
1757 1623 1886 1644 eorum.
1924 1612 1966 1644 Et
2001 1622 2122 1655 argue-

644 1673 745 1704 batur
769 1671 862 1713 quod
888 1682 959 1702 non
988 1671 1089 1702 liceat
1117 1670 1288 1713 religiosis
1318 1670 1482 1702 inducere
1512 1670 1636 1702 divites
1664 1670 1708 1701 ad
1737 1671 1805 1702 1100
1835 1676 1871 1702 ut
1899 1670 1932 1701 in
1962 1669 2120 1702 claustris

645 1741 763 1763 eorum
804 1729 933 1772 eligant
972 1728 1194 1770 sepulturam,
1238 1728 1318 1770 quia
1358 1728 1438 1759 illud
1478 1728 1571 1769 quod
1613 1727 1760 1769 pertinet
1796 1728 1838 1759 ad
1879 1727 2120 1770 acceptionem

646 1798 873 1830 personarum
905 1792 939 1819 et
971 1787 1014 1818 ad
1044 1786 1266 1828 cupiditatem
1299 1792 1332 1818 et
1365 1797 1426 1828 per
1457 1786 1551 1827 quod
1585 1785 1833 1817 defraudantur
1863 1785 1897 1816 hi
1925 1785 1981 1827 qui
2010 1785 2120 1817 maius

646 1846 775 1877 habent
806 1844 860 1876 ius
892 1844 925 1876 in
960 1844 1137 1886 sepultura
1169 1843 1286 1875 talium
1319 1850 1352 1875 et
1383 1843 1417 1874 in
1449 1843 1551 1874 bonis
1585 1854 1714 1881 eorum,
1758 1849 1809 1874 est
1846 1842 2007 1875 illicitum.
2049 1842 2120 1875 Sed

646 1903 810 1935 inducere
827 1901 950 1934 divites
975 1901 1170 1944 specialiter
1187 1907 1220 1933 et
1244 1912 1315 1933 non
1334 1911 1517 1943 paupereS,
1544 1901 1611 1933 hoc
1637 1900 1785 1942 pertinet
1809 1901 1853 1932 ad
1878 1900 2120 1943 acceptionem

646 1971 873 2003 personarum
901 1964 935 1992 et
967 1960 1010 1992 ad
1043 1959 1275 2002 cupiditatem.
1310 1959 1376 1991 Per
1407 1960 1474 1991 hoc
1507 1958 1607 1990 etiam
1641 1958 1889 1994 defraudantur
1922 1958 2121 2000 frequenter

646 2018 847 2051 sacerdotes
871 2017 1100 2060 parochiales.
1126 2017 1244 2058 Quare
1269 2022 1302 2049 et
1326 2022 1450 2049 cetera.

737 2076 876 2108 Contra.
903 2075 987 2107 Illud
1016 2075 1053 2106 fit
1081 2074 1309 2107 communiter
1334 2085 1353 2106 a
1379 2074 1459 2106 viris
1492 2076 1495 2114 Ι
1528 2073 1698 2116 religiosis
1725 2073 1782 2115 qui
1810 2073 1888 2105 iusti
1918 2079 1951 2106 et
1976 2073 2121 2115 perfecti

647 2133 807 2166 videntur
824 2133 878 2165 vel
897 2139 1121 2175 reputantur3
1147 2133 1215 2164 1100
1240 2138 1354 2164 autem
1373 2142 1443 2163 non
1470 2131 1625 2164 facerent
1650 2131 1678 2163 si
1704 2137 1797 2163 esset
1814 2131 1977 2163 illicitum.
2003 2131 2120 2172 Quare

649 2197 682 2224 et
698 2196 822 2224 cetera.

737 2249 950 2291 Respondeo
975 2248 1193 2281 dicendum...
1220 2248 1257 2280 ln
1283 2247 1369 2280 libro
1395 2247 1559 2292 magistri.

741 2737 748 2751 ¹
763 2735 877 2763 videtur
896 2736 926 2763 P.
947 2751 979 2754 ———
1000 2736 1010 2750 ²²
1023 2735 1051 2762 in
1065 2735 1133 2762 add.
1155 2735 1184 2762 P.

2480 2922 2493 3458 ——n—A—-A——ssss—A*
2491 2891 2493 2906 -
2492 2856 2493 2859 „
2491 2822 2493 2827 I
