2493 3458
440 913 1093 978 QUODLIBETUM
1163 913 1652 965 SECUNDUM

903 1146 1142 1186 QUAESTIO
1168 1147 1189 1176 Ι.

323 1267 463 1303 Utrum
495 1267 633 1302 anima
669 1266 818 1303 Christi
848 1266 886 1302 in
918 1267 1050 1302 triduo
1070 1267 1205 1316 fueris
1232 1267 1365 1316 aliquo
1398 1267 1509 1302 modo
1540 1267 1727 1315 impedita
1758 1281 1780 1303 (11

349 1332 601 1381 plenitudine
629 1333 886 1369 beatitudinis
917 1333 1069 1369 ratione
1097 1346 1194 1369 Sllsss'
1222 1333 1490 1381 separationis
1519 1347 1541 1368 (1
1573 1337 1745 1382 corpore.

404 1497 671 1537 Quaerebantur
699 1497 868 1537 quaedam
898 1496 989 1529 circa
1015 1497 1188 1528 Christum
1218 1497 1275 1538 qui
1305 1503 1356 1528 est
1386 1503 1518 1528 creator
1549 1497 1582 1527 in
1616 1503 1781 1538 quantum

316 1556 422 1592 Deus,
441 1560 473 1585 et
490 1554 600 1595 primo
626 1566 731 1585 unum
759 1554 935 1595 pertinens
964 1555 1006 1585 ad
1036 1555 1147 1595 ipsum
1174 1555 1365 1586 secundum
1393 1560 1548 1585 naturam
1567 1556 1751 1585 humanam
1776 1555 1782 1571 ¹

316 1618 479 1653 quantum
511 1613 553 1643 ad
581 1612 889 1649 ani1nam„scilieet
918 1618 1028 1643 utrum
1059 1612 1172 1643 anima
1202 1612 1329 1643 Christi
1354 1612 1387 1642 in
1413 1612 1525 1643 triduo
1552 1612 1652 1643 fuerit
1669 1612 1783 1653 aliquo

316 1670 419 1701 modo
452 1669 615 1711 impedita
649 1680 667 1700 a
700 1669 913 1711 plenitudine
946 1670 1168 1701 beatitudinis
1202 1670 1334 1701 ratione
1375 1680 1458 1701 suae
1499 1669 1728 1711 separationis
1765 1680 1782 1700 a

315 1738 471 1769 corpore.
491 1727 533 1758 Et
557 1728 767 1770 arguebatur
791 1728 883 1768 quod
910 1727 1022 1758 anima
1049 1727 1174 1758 Christi
1201 1727 1234 1758 in
1264 1727 1377 1758 triduo
1402 1727 1519 1758 mortis
1545 1727 1659 1768 aliquo
1678 1728 1782 1758 modo

315 1785 415 1816 fuerit
442 1784 607 1826 impedita
632 1796 650 1815 a
677 1785 891 1826 plenitudine
920 1785 1152 1819 beatitudinis,
1178 1785 1257 1826 quia
1286 1786 1410 1816 modus
1437 1785 1604 1826 operandi
1630 1785 1784 1826 sequitur

315 1843 454 1874 modum
476 1843 611 1874 essendi
635 1842 778 1885 agentis.
806 1842 947 1882 Quanto
973 1853 1056 1885 ergo
1076 1842 1087 1858 ‘²
1112 1853 1220 1885 agens
1247 1843 1351 1873 habet
1376 1842 1616 1883 perfectiorem
1643 1843 1783 1873 modum

315 1893 454 1932 essendi
490 1906 584 1931 tanto
625 1900 863 1942 perfectiorem
902 1901 1005 1931 habet
1045 1901 1185 1931 modum
1224 1900 1401 1941 operandi.
1438 1901 1508 1932 Sed
1541 1900 1654 1931 anima
1687 1900 1784 1931 cuius

315 1958 469 1999 operatio
495 1963 547 1990 est
571 1958 749 1989 beatitudo
778 1957 1018 1999 perfectiorem
1045 1959 1184 1989 modum
1216 1958 1353 1989 essendi
1379 1959 1483 1989 habet
1507 1969 1584 1989 cum
1611 1964 1662 1989 est
1691 1958 1785 1988 unita

314 2015 451 2057 corpori
476 2027 578 2057 quam
603 2026 682 2047 eum
707 2022 758 2047 est
783 2027 801 2046 a
827 2026 972 2057 corpore
997 2022 1165 2057 separata,
1199 2021 1235 2047 ut
1267 2022 1360 2056 patet
1391 2027 1451 2057 per
1480 2015 1712 2058 Augustinum
1739 2017 1783 2055 (l)

315 2073 523 2105 duodecimo
552 2084 656 2115 super
684 2073 860 2105 Genesim.
887 2073 1004 2113 Quare
1033 2073 1196 2114 quamdiu
1223 2079 1274 2104 est
1303 2079 1461 2114 separata
1490 2073 1602 2104 minus
1631 2079 1683 2104 est
1712 2084 1784 2114 per-

313 2131 404 2163 fecta
429 2131 585 2172 operatio
610 2131 842 2163 beatitudinis,

403 2189 543 2220 Contra.
584 2189 694 2220 Actus
734 2194 766 2220 et
806 2189 1027 2230 operationes
1067 2194 1147 2219 sunt
1186 2188 1456 2229 suppositorum.
1498 2189 1659 2219 Manente
1700 2199 1783 2231 ergo

315 2247 438 2278 eodem
479 2246 662 2288 supposito
703 2246 846 2277 alicuius
886 2252 1027 2277 naturae
1061 2246 1251 2286 aliqualiter
1282 2246 1447 2287 perfecto,
1482 2246 1542 2277 erit
1573 2245 1673 2277 etiam
1711 2245 1783 2277 eius

315 2304 427 2335 omnis
447 2303 458 2320 3

486 2303 641 2345 operatio
667 2315 777 2345 aeque
803 2304 966 2345 perfecta.
986 2304 1056 2336 Sed
1082 2304 1195 2334 anima
1221 2303 1347 2335 Christi
1373 2315 1442 2335 non
1468 2303 1587 2334 habuit
1616 2303 1782 2334 rationem

315 2361 485 2403 suppositi
518 2361 583 2392 nisi
617 2372 658 2393 ex
696 2361 879 2403 supposito
912 2361 1030 2393 divino
1063 2372 1173 2402 aeque
1206 2361 1373 2402 perfecto,
1410 2371 1486 2391 Cum
1522 2366 1592 2392 erat
1625 2366 1783 2402 separata

315 2419 428 2450 anima
453 2419 542 2450 sieut
567 2429 644 2451 cum
671 2425 722 2451 est
747 2419 883 2460 corpori
909 2419 1104 2450 coniuncta.
1132 2419 1248 2459 Quare
1275 2424 1307 2449 et
1332 2424 1455 2450 cetera.

407 2577 411 2590 ¹
427 2579 557 2600 naturam
573 2575 736 2608 humanam]
753 2575 908 2600 humanam
929 2579 1059 2599 naturam
1076 2574 1104 2599 P.
1130 2590 1159 2592 ξ
1181 2575 1190 2588 ⁴-'
1205 2578 1248 2599 est
1262 2575 1329 2599 add.
1346 2574 1374 2599 P.
1400 2590 1430 2592 ,-
1455 2575 1464 2589 ³
1480 2574 1541 2600 eius
1564 2574 1666 2608 omnis]
1691 2575 1783 2600 omnis

316 2619 377 2645 eius
392 2619 421 2645 P.

405 2730 442 2761 (1)
459 2728 503 2754 Cf.
518 2737 543 2753 n.
561 2730 608 2759 (1),
623 2737 648 2762 p.
664 2729 705 2753 47.
