2493 3458
549 1324 614 1351 cod⁴
629 1325 653 1350 V

516 1359 564 1386 fol.
579 1362 628 1387 281
644 1361 684 1386 Rb

710 430 761 452 2:50
1074 425 1263 452 MAGISTRI
1293 425 1510 452 GODEFRIDI
1541 425 1592 452 DE
1621 425 1818 453 FONTIBUS

710 516 901 547 secundum
935 515 1081 557 aliquam
1123 516 1277 547 formam.
1322 515 1364 547 Et
1395 514 1475 557 quia
1506 526 1594 556 quac
1627 516 1819 548 secundum
1857 515 2011 548 diversas
2052 515 2180 548 formas

711 580 789 605 nata
829 580 909 605 sunt
945 573 1065 605 imitari
1101 573 1250 605 divinam
1291 572 1476 604 essentiam
1514 572 1669 604 diversas
1706 572 1801 605 ideas
1842 574 1980 612 habent,
2021 573 2100 605 ideo
2141 583 2182 604 ea

709 642 855 672 quorum
881 642 952 662 non
978 637 1029 662 est
1054 630 1118 662 nisi
1145 642 1213 662 una
1239 631 1347 662 forma
1373 641 1434 672 per
1459 641 1496 661 se
1522 630 1563 664 (si
1589 636 1703 662 autem
1734 630 2004 672 multiplicentur
2033 631 2100 662 hoc
2130 635 2183 662 est

709 700 770 730 per
794 689 983 729 accidens),
1009 688 1168 720 videntur
1193 689 1321 720 habere
1348 699 1449 719 unam
1476 687 1588 719 ideam
1618 698 1707 729 quae
1725 693 1777 719 est
1802 687 1890 720 illius
1916 688 2047 720 formae
2072 687 2182 730 primo

710 752 742 778 et
778 757 839 787 per
874 758 912 778 se
937 752 969 778 et
1000 757 1041 778 ex
1077 745 1306 787 consequenti
1343 745 1496 776 omnium
1533 745 1566 776 in
1599 745 1726 786 quibus
1762 745 1938 787 reperitur.
1976 745 2065 777 Cum
2091 744 2182 777 enim

709 804 795 835 ratio
820 804 973 836 idearum
1003 809 1157 835 sumatur
1181 815 1223 835 ex
1248 802 1530 845 apprehensione
1556 802 1728 834 essentiae
1753 802 1891 835 divinae
1917 809 2019 845 prout
2050 802 2182 835 scilicet

709 861 981 903 apprehenditur
1017 861 1049 892 in
1087 861 1263 893 intellectu
1299 860 1417 892 divino
1454 860 1626 892 imitabilis
1659 860 1890 893 diversimode
1920 871 1940 892 a
1969 860 2124 899 diversis,
2149 865 2184 892 et

709 919 901 951 secundum
950 919 1181 951 diversitatem
1229 919 1399 959 graduum
1448 918 1481 949 in
1530 918 1750 950 imitabilibus
1798 918 1943 950 sumitur
2000 917 2182 950 diversitas

709 977 873 1016 idearum,
899 977 978 1009 licet
1002 988 1072 1008 non
1105 988 1146 1009 ex
1171 976 1236 1015 illa,
1263 988 1302 1007 ea
1332 987 1421 1017 quae
1451 977 1644 1008 secundum
1682 987 1788 1008 unum
1825 976 1970 1017 gradum
2008 975 2184 1008 imitantur

710 1046 812 1066 unam
849 1035 978 1066 habent
1014 1034 1136 1067 ideam.
1164 1034 1265 1066 Unde
1302 1034 1390 1065 sicut
1416 1044 1485 1065 non
1513 1034 1617 1065 habet
1649 1034 1819 1065 diversam
1845 1033 2013 1066 rationem
2046 1043 2183 1066 mensu-

709 1092 806 1124 randi
843 1104 1006 1124 numeros
1039 1093 1195 1124 eiusdem
1232 1091 1361 1134 speciei
1395 1098 1487 1126 (nain
1524 1092 1648 1123 eodem
1681 1092 1787 1123 modo
1820 1101 1941 1123 omnes
1973 1090 2183 1132 quaternarii

709 1150 856 1182 univoce
892 1156 1144 1188 mensurantur,
1181 1150 1243 1182 sed
1277 1149 1342 1180 alio
1380 1149 1484 1180 inodo
1521 1149 1761 1190 quaternarius
1799 1155 1831 1181 et
1867 1148 2062 1187 ternarius;
2102 1159 2182 1180 nam

709 1208 893 1249 perfectior
919 1208 1042 1239 dicitur
1066 1207 1180 1239 unitas·
1208 1219 1249 1238 ex
1282 1208 1350 1238 hoc
1379 1207 1471 1248 quod
1501 1213 1553 1238 est
1582 1217 1744 1238 mensura
1771 1206 1860 1238 mille
1886 1206 2182 1248 quaternariorum

709 1276 810 1308 quam
849 1265 950 1297 unius
985 1265 1101 1304 solius,
1128 1265 1207 1306 quia
1237 1276 1304 1296 una
1326 1271 1358 1296 et
1383 1275 1493 1306 aeque
1523 1264 1677 1306 perfecta
1706 1263 1839 1296 ratione
1866 1263 2090 1296 mensurandi
2115 1274 2183 1305 qua

708 1334 786 1356 men
820 1325 824 1364 1
857 1329 992 1355 suratur
1017 1334 1122 1355 unum
1141 1328 1316 1355 mensurat
1334 1328 1479 1360 omnes),
1500 1342 1537 1344 >—
1556 1321 1600 1353 ita
1626 1321 1659 1353 in
1685 1321 1866 1364 proposito
1891 1321 2006 1354 divina
2032 1321 2183 1354 essentia

710 1392 751 1413 ex
783 1383 852 1413 hoc
883 1382 978 1423 quod
1017 1387 1070 1413 est
1105 1380 1277 1412 imitabilis
1313 1391 1331 1411 ιι
1365 1380 1520 1422 pluribus
1554 1379 1739 1412 individuis
1779 1390 1850 1412 non
1887 1379 2086 1423 intelligitur
2116 1379 2181 1411 sub

708 1439 840 1471 ratione
865 1439 1071 1481 perfectiore
1096 1449 1199 1480 quam
1224 1439 1268 1469 ab
1300 1448 1381 1474 uno,
1415 1437 1495 1479 quia
1526 1449 1596 1469 uno
1621 1438 1727 1469 modo
1763 1443 1815 1470 est
1843 1438 1887 1469 ab
1919 1437 1969 1469 eis
1998 1436 2181 1469 imitabilis.

708 1497 750 1529 Et
775 1497 824 1529 sic
841 1508 919 1529 cum
948 1507 1019 1529 non
1045 1497 1171 1528 habeat
1196 1495 1366 1527 diversam
1396 1495 1564 1528 rationem
1582 1495 1807 1527 mensurandi
1832 1495 1968 1527 diversa
1992 1494 2180 1533 individua,

707 1566 773 1587 nec
806 1555 941 1587 diversa
976 1554 1154 1586 individua
1184 1555 1314 1585 habent
1350 1553 1521 1585 diversam
1562 1553 1730 1585 rationem
1770 1553 1934 1592 imitandi,
1974 1553 2037 1585 sed
2076 1562 2181 1584 unam

707 1613 818 1655 primo
839 1619 872 1645 et
889 1624 950 1655 per
967 1623 1014 1651 se,
1041 1612 1139 1654 quasi
1164 1622 1225 1654 per
1249 1611 1414 1644 accidens
1439 1611 1705 1643 diversificatam
1731 1611 1784 1643 vel
1810 1610 2121 1650 diversificabilem,
2139 1629 2180 1634 —

707 1671 786 1703 ideo
819 1682 860 1703 ex
891 1670 1024 1702 ratione
1056 1670 1155 1702 ideae
1192 1675 1225 1701 et
1257 1669 1331 1701 eius
1365 1669 1464 1701 cuius
1501 1674 1553 1701 est
1589 1679 1650 1711 per
1684 1679 1722 1701 se
1758 1674 1853 1711 patet
1888 1669 1982 1710 quod
2018 1673 2181 1711 respectu

707 1729 889 1761 cuiuslibet
914 1728 1099 1771 singularis
1124 1739 1193 1759 non
1221 1733 1273 1760 est
1297 1727 1436 1769 propria
1462 1732 1494 1759 et
1519 1726 1681 1759 distincta
1706 1726 1794 1759 idea.

795 1787 888 1825 Item,
914 1787 982 1818 hoc
1007 1786 1096 1818 idem
1123 1791 1217 1828 patet
1249 1785 1406 1817 secundo
1439 1795 1481 1816 ex
1506 1784 1639 1817 ratione
1673 1784 1804 1816 ordinis
1837 1784 1991 1816 idearum
2020 1783 2078 1825 qui
2107 1795 2179 1816 non

706 1850 757 1876 est
790 1844 823 1876 in
856 1844 1052 1876 individuis.
1086 1844 1174 1875 Cum
1205 1843 1295 1875 enim
1329 1842 1363 1874 in
1395 1842 1581 1874 individuis
1614 1853 1684 1873 non
1720 1841 1763 1874 sit
1795 1842 1881 1873 ordo
1914 1852 1980 1874 nec
2012 1847 2092 1874 ante
2125 1842 2179 1874 vel

706 1908 795 1944 post,
813 1908 850 1934 ut
866 1902 990 1934 dicitur
1014 1901 1134 1943 quinto
1159 1900 1419 1943 Metapliysicae
1437 1902 1494 1939 (1),
1513 1906 1546 1931 et
1574 1900 1607 1931 in
1637 1899 1723 1931 ideis
1752 1899 1796 1931 sit
1820 1899 1936 1941 aliquo
1961 1900 2067 1931 modo
2092 1900 2179 1932 ordo

705 1961 898 1992 secundum
929 1959 1096 1991 rationem
1129 1965 1163 1991 et
1193 1970 1263 1991 non
1297 1957 1468 1997 confusio,
1499 1957 1653 1999 pluribus
1686 1957 1874 1989 individuis
1903 1968 1993 1998 quae
2029 1958 2178 1990 eundem

705 2018 860 2050 ordinem
887 2019 1016 2049 habent
1041 2028 1111 2049 non
1137 2017 1351 2058 respondent
1376 2026 1438 2058 per
1461 2026 1498 2047 se
1524 2016 1639 2057 plures
1664 2015 1772 2047 ideae.

794 2076 873 2108 Hoc
900 2075 990 2107 idem
1018 2075 1118 2107 tertio
1145 2080 1290 2116 apparet
1318 2084 1359 2106 ex
1395 2073 1527 2105 ratione
1558 2072 1783 2115 perfectionis
1812 2072 1911 2104 ideae
1930 2078 1962 2104 et
1987 2072 2062 2104 eius
2079 2072 2178 2105 cuius

705 2139 766 2165 est.
785 2134 822 2165 In
840 2139 1007 2175 quantum
1025 2132 1115 2165 enim
1141 2131 1295 2164 essentia
1311 2130 1427 2163 divina
1444 2136 1496 2162 est
1520 2130 1606 2162 ratio
1636 2130 1860 2163 mensurandi
1885 2136 1918 2162 et
1936 2129 2178 2173 cognoscendi

705 2191 910 2233 perfectiora
939 2197 972 2223 et
999 2190 1110 2234 magis
1138 2189 1306 2232 simplicia
1339 2189 1444 2220 habet
1472 2188 1640 2220 rationem
1681 2188 1780 2220 ideae
1813 2187 2040 2230 perfectioris,
2065 2188 2176 2219 solum

703 2255 818 2281 tamen
847 2249 1041 2281 secundum
1072 2248 1239 2280 rationem
1269 2253 1302 2279 et
1329 2247 1551 2285 intellectum,
1580 2246 1675 2278 nullo
1700 2246 1816 2288 posito
1845 2245 1967 2278 ordine
1983 2244 2177 2278 secundu'm

703 2318 784 2339 rern.
814 2307 894 2338 Non
926 2312 1040 2349 potest
1072 2306 1162 2338 enim
1196 2305 1428 2337 diversimode
1456 2303 1599 2345 intelligi
1632 2303 1805 2335 imitabilis
1834 2302 1951 2335 divina
1979 2303 2132 2335 essentia
2157 2313 2177 2334 a

704 2364 849 2397 diversis
866 2365 932 2396 nisi
950 2364 984 2396 in
1002 2369 1168 2405 quantum
1186 2362 1386 2404 intelligitur
1402 2361 1575 2394 imitabilis
1601 2372 1671 2393 uno
1696 2361 1796 2393 modo
1821 2361 1953 2393 scilicet
1970 2360 2176 2402 perfectiore

703 2424 746 2454 ab
775 2433 856 2462 uno,
882 2427 916 2454 et
947 2422 1014 2454 alio
1038 2422 1145 2453 modo
1171 2422 1213 2452 ab
1239 2420 1306 2452 alio
1331 2419 1462 2453 scilicet
1486 2419 1752 2461 imperfectiore.
1778 2418 1950 2451 Perfectio
1976 2424 2090 2450 autem
2115 2429 2177 2460 per

702 2492 740 2513 se
758 2480 945 2512 attenditur
969 2480 1003 2511 in
1030 2479 1167 2512 entibus
1192 2479 1386 2511 secundum
1408 2478 1537 2509 formas
1562 2477 1755 2519 specificas.

791 2648 828 2674 (1)
851 2644 910 2671 Cfr.
931 2644 1168 2675 Aristoteles,
1188 2642 1405 2678 Asetaplzysicae
1424 2642 1441 2668 l.
1462 2642 1510 2673 lv,
1530 2650 1553 2667 c.
1573 2643 1590 2667 6
1610 2641 1656 2674 [al.
1670 2641 1704 2673 V,
1724 2649 1747 2667 e.
1768 2641 1793 2674 7]
1815 2645 1853 2675 (p.
1875 2641 1964 2672 1016).
1984 2640 2072 2671 ’Ὀλως
2090 2641 2118 2667 δὲ
2137 2641 2173 2666 ὢν

701 2688 716 2720 ἡ
739 2688 827 2720 νόησις
852 2687 996 2722 ἀδιαίρετος
1017 2687 1032 2719 ἡ
1054 2689 1133 2713 νοῦσα
1154 2687 1184 2712 τὸ
1205 2685 1230 2712 τί
1250 2685 1280 2717 ἦν
1301 2685 1373 2714 εἶναι,
1396 2686 1440 2710 καὶ
1465 2685 1501 2717 μὴ
1525 2684 1631 2710 δύναται
1654 2683 1768 2718 χωρίσαι
1791 2683 1858 2715 μήτε
1881 2682 1972 2718 χρόνῳ
2002 2682 2069 2715 μήτε
2097 2681 2173 2717 τόπῳ

701 2730 768 2763 μήτε
789 2729 871 2765 λόγῳ,
896 2729 1009 2762 μάλιστα
1030 2731 1112 2754 ταῦτα
1134 2728 1176 2754 ἓν·
1191 2728 1235 2754 καὶ
1256 2726 1357 2753 τούτων
1381 2726 1429 2752 ὅσα
1451 2725 1543 2752 οὐσίαι.
