2493 3458
727 466 920 500 QUARTUM
951 466 1248 500 QuooLffiETUM,
1277 466 1313 500 Q.
1342 466 1397 492 ΧΠ
1743 468 1796 492 339
1820 472 1823 476 ,

871 647 1136 681 QUAESTIO
1167 648 1239 673 XII

981 718 1143 744 (BREVIS).

362 799 469 826 Utrum
485 802 542 834 per
561 800 747 825 contrariam
766 799 1006 825 consuetudinem
1023 799 1118 833 possit
1136 799 1281 833 derogari
1298 801 1409 824 statuto
1424 799 1577 833 generalis
1596 799 1699 832 synodi
1713 801 1760 827 (1).

411 901 517 927 Postea
544 901 738 935 quaerebatur
763 910 849 926 unum
876 900 1024 935 pertinens
1051 901 1087 926 ad
1113 909 1254 934 personas
1286 909 1437 935 supremas
1463 900 1490 926 in
1517 900 1658 926 Ecclesia.
1688 901 1723 926 Et
1751 904 1796 926 est

321 952 416 974 utrum
451 957 504 983 per
539 948 713 974 contrariam
740 947 980 974 consuetudinem
1013 948 1105 982 possit
1135 947 1271 982 derogari
1303 952 1412 974 statuto
1445 947 1590 982 generalis
1622 948 1735 982 synodi,
1767 952 1796 973 et

322 995 452 1030 arguitur
466 995 543 1030 quod
570 995 620 1021 sie.
641 995 726 1029 Quia,
752 1004 817 1021 cum
848 995 929 1021 multi
956 995 1079 1029 praelati
1107 995 1217 1021 faciant
1232 999 1333 1021 contra
1360 999 1499 1021 statutum
1520 995 1556 1021 de
1579 1004 1635 1021 non
1659 995 1795 1021 habendo

321 1043 367 1068 vel
400 1042 579 1069 conferendo
612 1042 766 1069 ecclesiam
800 1051 864 1068 cum
897 1051 966 1068 cura
998 1042 1083 1068 alicui
1116 1046 1272 1076 antequam
1305 1043 1428 1077 attingat
1460 1042 1632 1077 vigesimum
1665 1043 1795 1077 quintum

321 1099 427 1117 annum
444 1091 449 1105 ¹
471 1094 500 1116 et
520 1090 599 1124 quod
624 1090 714 1116 faciat
736 1099 767 1116 se
791 1090 864 1116 infra
892 1098 997 1116 annum
1020 1090 1187 1125 promoveri
1202 1090 1231 1116 in
1254 1090 1439 1116 sacerdotem
1453 1091 1471 1120 ²¹,
1492 1094 1520 1116 et
1534 1094 1635 1116 contra
1655 1094 1795 1116 statutum

322 1138 357 1164 de
393 1137 566 1172 expellendo
593 1137 740 1163 usurarios
767 1137 955 1170 alienigenas,
982 1142 1011 1163 et
1036 1138 1072 1163 sit
1097 1138 1155 1163 lata
1181 1138 1349 1163 sententia³
1374 1142 1475 1164 contra
1501 1142 1742 1172 transgressores,
1762 1153 1795 1156 —

321 1190 389 1211 tunc
421 1185 445 1211 si
478 1194 536 1211 non
563 1194 614 1219 per
639 1185 707 1210 talia
739 1186 864 1219 posset*¹
898 1185 1033 1219 derogari
1060 1189 1178 1215 statuto,
1209 1185 1291 1211 multi
1323 1185 1446 1220 praelati
1478 1189 1577 1211 essent
1601 1185 1735 1220 suspensi
1767 1190 1796 1211 et

320 1233 496 1267 irregulares
515 1241 569 1258 nec
589 1237 709 1267 possent
729 1232 884 1258 absolvere
903 1232 1037 1258 subditos
1058 1233 1136 1267 quod
1156 1237 1200 1258 est
1219 1232 1437 1258 inconvenieus.
1458 1233 1536 1267 Ergo
1556 1237 1584 1258 et
1605 1237 1711 1258 cetera.

409 1280 527 1306 Contra.
548 1279 729 1306 Diuturnitas
750 1284 938 1314 peccatorum
959 1289 1015 1305 non
1043 1280 1177 1306 diminuit
1202 1280 1466 1313 transgressionem
1487 1284 1515 1306 et
1535 1280 1795 1312 inoboedientiam,

321 1327 374 1353 sed
405 1332 494 1362 auget
523 1328 641 1362 §.Ergo
674 1328 892 1353 consuescere⁵
923 1327 1021 1353 facere
1054 1332 1155 1353 contra
1186 1332 1324 1353 statutum
1357 1328 1518 1362 generale'⁵
1556 1327 1707 1353 Ecclesiae
1738 1337 1795 1354 non

322 1375 445 1409 derogat
465 1379 583 1401 statuto.

409 1422 586 1457 Respondeo
614 1422 768 1448 dicendum
796 1423 874 1457 quod
901 1431 966 1449 cum
993 1427 1133 1448 statutum
1160 1423 1317 1448 humanum
1349 1423 1455 1448 habeat
1487 1422 1545 1448 vim
1578 1423 1727 1458 obligandi
1761 1432 1795 1449 ex

321 1470 471 1496 voluntate
503 1470 628 1495 humana
660 1470 793 1504 regulata
825 1470 946 1501 ratione,
988 1479 1063 1504 quae
1098 1470 1233 1495 voluntas
1266 1474 1363 1504 potest
1395 1470 1578 1496 innotescere
1611 1479 1669 1496 non
1701 1471 1795 1496 solum

320 1518 430 1552 scripto
453 1517 505 1543 sed
528 1517 606 1543 facto
627 1525 704 1545 mam
729 1526 802 1552 quae
828 1517 893 1552 quis
918 1518 1008 1552 eligit,
1031 1518 1099 1543 talia
1120 1520 1277 1552 operatur),
1292 1533 1324 1536 -—
1339 1517 1406 1543 ideo
1427 1526 1478 1552 per
1492 1522 1574 1544 actus
1588 1518 1796 1553 multiplicatos

321 1565 369 1600 qui
401 1565 535 1591 faciunt⁷
566 1565 818 1597 consuetudinem,
850 1570 878 1591 et
910 1566 964 1591 hoc
1000 1565 1110 1590 sciente
1142 1569 1171 1591 et
1208 1565 1394 1599 permittente
1427 1565 1476 1591 illo
1508 1565 1590 1591 cuius
1622 1566 1796 1591 auctoritate

320 1616 459 1638 statutum
485 1613 574 1638 habet
599 1612 657 1638 vim
684 1612 843 1647 obligandi,
868 1617 966 1647 potest
992 1617 1130 1638 statutum
1158 1617 1185 1638 et
1211 1612 1314 1638 mutari
1340 1617 1369 1638 et
1395 1613 1510 1647 exponi,
1533 1617 1561 1639 et
1589 1613 1697 1648 aliquid
1718 1613 1796 1648 quod

321 1661 427 1686 habeat
452 1659 526 1694 legis
552 1660 683 1694 vigorem
710 1660 833 1691 causari,
865 1660 888 1685 si
921 1664 1016 1685 tamen
1049 1659 1085 1685 sit
1118 1660 1299 1686 consuetudo
1326 1669 1383 1686 non
1415 1660 1589 1686 irrationalis
1615 1669 1669 1686 nec
1695 1665 1796 1687 contra

319 1708 363 1733 ius
383 1708 512 1733 divinum
533 1708 579 1733 vel
593 1712 722 1738 naturae,
737 1716 790 1733 nec
811 1708 966 1742 reprobata
988 1716 1003 1733 a
1024 1707 1086 1733 iure
1107 1708 1261 1733 communi.
1283 1708 1473 1734 Consuetudo
1495 1709 1570 1734 enim
1591 1708 1796 1734 irrationabilis

319 1756 365 1781 vel
381 1756 390 1770 Β
410 1764 425 1781 a
446 1755 506 1781 iure
529 1756 685 1790 reprobata
705 1760 736 1781 ut
756 1755 804 1780 illa
828 1764 903 1790 quae
924 1759 1076 1781 enervaret
1096 1755 1261 1781 libertatem
1281 1755 1328 1781 vel
1349 1755 1533 1790 disciplinam
1554 1756 1796 1787 ecclesiasticam,

319 1803 398 1828 nulla
421 1807 506 1829 esset.
527 1803 606 1828 Talis
628 1807 724 1828 autem
739 1805 749 1817 ”
769 1807 847 1829 esset
867 1803 1049 1829 consuetudo
1077 1812 1128 1837 pro
1156 1811 1213 1837 qua
1239 1802 1293 1828 fuit
1316 1803 1468 1837 proposita
1493 1803 1626 1837 quaestio
1647 1804 1715 1830 licet
1738 1812 1795 1830 non

318 1850 404 1876 fuerit
418 1850 514 1885 posita
528 1850 556 1876 in
571 1850 751 1885 quaestione.
766 1850 886 1876 Scilicet
900 1850 977 1884 quod
993 1850 1100 1876 subditi
1115 1858 1262 1884 nunquam
1277 1850 1485 1877 confiterentur
1499 1851 1559 1877 suis
1583 1851 1795 1884 sacerdotibus,

319 1898 375 1924 hoc
395 1902 548 1924 enervaret
568 1898 699 1923 ordinem
720 1897 940 1924 ecclesiasticae
961 1897 1149 1924 hierarchiae.
1171 1898 1206 1923 Et
1226 1897 1267 1924 sic
1288 1902 1369 1933 patet
1389 1898 1426 1924 ad
1446 1903 1546 1924 totum.

861 2069 1126 2102 QUAESTIO
1160 2069 1255 2095 XIII

973 2141 1136 2166 ‹BREVIS).

323 2223 430 2248 Utrum
452 2222 596 2256 ›azagister
617 2223 647 2247 in
668 2222 815 2257 theologia
844 2223 1043 2256 quaestionem
1070 2224 1156 2249 cuius
1185 2224 1316 2259 cognitio
1340 2225 1382 2249 est
1410 2224 1577 2249 necessaria
1607 2224 1647 2249 ad
1671 2224 1795 2250 salutem

355 2269 457 2295 debeat
476 2271 615 2304 reputare
636 2269 800 2304 lstigiosam
820 2272 848 2295 et
867 2270 1054 2296 inducentem
1074 2271 1249 2296 scandalum
1269 2274 1297 2297 et
1315 2271 1348 2297 ob
1367 2271 1420 2297 lzoc
1443 2280 1499 2297 non
1522 2271 1648 2306 recipisti
1668 2280 1734 2297 eam
1748 2274 1796 2304 (2).

409 2371 515 2397 Postea
542 2371 757 2405 quaerebantur
781 2371 835 2397 tria
863 2371 1037 2406 pertinentia
1065 2372 1102 2398 ad
1128 2372 1274 2405 doctores,
1301 2372 1522 2407 praedicatores
1550 2377 1577 2399 et
1601 2373 1796 2399 confessores.

321 2434 352 2436 —
368 2418 493 2444 Primum
515 2423 576 2444 erat
595 2423 690 2444 utrum
710 2418 850 2453 magister
865 2419 893 2445 in
914 2419 1062 2454 theologia
1086 2420 1288 2454 quaestionem
1312 2420 1395 2446 cuius
1415 2420 1545 2455 cognitio
1566 2425 1610 2447 est
1630 2421 1797 2447 necessaria

411 2532 604 2567 ¹vigesimum
620 2549 652 2551 —
667 2534 782 2566 annum]
804 2533 884 2559 XXV
905 2542 995 2559 annos
1017 2533 1048 2560 C.
1069 2550 1101 2552 —
1132 2535 1141 2549 ²
1155 2538 1199 2560 est
1219 2538 1320 2560 contra
1340 2539 1479 2560 statutum
1500 2535 1568 2561 (uid.
1584 2535 1615 2561 C.
1636 2551 1668 2554 —
1689 2536 1699 2550 ⁸
1713 2535 1749 2561 sit
1764 2551 1797 2554 —

320 2576 475 2610 sententia]
496 2576 538 2602 sic
557 2576 616 2602 lata
637 2581 681 2602 est
700 2577 846 2602 sententia
867 2576 898 2603 C.
930 2593 962 2595 —
992 2579 999 2592 ⁴
1015 2577 1058 2603 In's
1079 2577 1110 2603 C.
1138 2593 1170 2596 ——
1201 2579 1210 2592 ⁵
1224 2586 1395 2604 assuescere
1417 2578 1449 2604 C.
1479 2594 1511 2597 —
1544 2580 1553 2593 ὃ
1567 2579 1712 2613 generalis
1732 2580 1797 2612 SP3

320 2623 461 2645 statutum
484 2620 632 2654 generale]
662 2620 799 2654 generale
825 2624 964 2646 statutum
986 2620 1018 2647 C.
1049 2636 1081 2639 —
1113 2621 1183 2655 ⁷qui
1213 2621 1334 2655 faciunt]
1356 2630 1410 2647 om.
1431 2622 1468 2651 S:
1497 2623 1565 2648 add.
1595 2629 1629 2648 211
1649 2632 1686 2648 m.
1704 2623 1732 2649 S.
1765 2639 1797 2642 >-

321 2664 330 2677 ⁸
345 2672 399 2689 om.
420 2663 450 2689 P.
471 2679 503 2681 —
524 2664 534 2678 ⁹
548 2667 597 2689 aut
618 2664 650 2690 C.

410 2754 448 2784 (1)
470 2751 528 2778 Cfr.
549 2761 598 2786 pp.
618 2753 743 2778 273-274.
765 2768 797 2770 —
819 2754 857 2781 ‹2›
880 2752 938 2778 Cfr.
958 2762 1007 2787 pp.
1028 2753 1154 2779 274-277.

1835 1297 1915 1333 eod.
1931 1298 1951 1322 S

1827 1333 1875 1357 iol.
1890 1334 1921 1358 51
1938 1333 1979 1357 Ra
