2493 3458
671 435 724 459 212
1035 433 1222 459 ΜΑΗΙὸΤΙῖΙ
1254 433 1473 459 (:()1)r-:1·‘R1s)1
1506 433 1554 459 DE
1586 433 1782 461 FONTIBUS

1252 679 1492 719 Qi'Alis'sn')
1521 679 1559 710 x'l

1312 773 1503 807 (LONGA).

784 879 924 916 [symma
955 878 1086 914 dicem·
1115 878 1219 928 quod
1248 882 1392 926 eorpus
1426 878 1575 915 Chris-li
1605 892 1680 914 nau
1709 878 1838 927 smlm'!
1868 879 2048 915 comburi

1025 945 1076 981 sil
1107 945 1388 981 inconveniens
1417 945 1636 981 sec-mulum
1665 945 1796 992 sidem.

765 1109 891 1140 Postea
917 1109 959 1140 ad
985 1108 1177 1140 secundum
1205 1108 1458 1150 praedictorum
1486 1108 1535 1140 sic
1572 1108 1778 1149 proceditur,
1805 1116 1837 1140 et
1869 1108 2023 1151 arguitur
2055 1108 2148 1150 quod

676 1166 792 1198 (licere
817 1167 910 1207 quod
937 1177 1063 1208 corpus
1089 1165 1216 1197 Christi
1243 1177 1311 1197 non
1351 1166 1460 1208 potuit
1496 1166 1649 1197 comburi
1683 1166 1724 1197 sit
1751 1166 2002 1199 inconveniens
2027 1176 2149 1199 secun-

677 1224 757 1255 (lum
784 1224 897 1261 fidem,
923 1224 1002 1265 (luia
1028 1235 1105 1255 cuin
1133 1223 1292 1255 Christus
1318 1224 1418 1255 suerit
1444 1225 1548 1255 homo
1575 1223 1723 1255 univoce
1749 1235 1826 1255 cuni
1851 1224 1924 1255 aliis
1950 1223 2149 1256 bominibus

677 1287 709 1313 et
734 1281 890 1313 habuerit
915 1292 1041 1323 corpus
1067 1281 1222 1313 eiusdem
1249 1281 1389 1312 rationis
1426 1292 1503 1313 cuni
1541 1282 1746 1323 corporibus
1782 1281 1924 1313 aliorum
1960 1281 2148 1320 hominum,

677 1338 791 1371 dicere
833 1339 926 1380 quod
967 1339 1105 1380 corpori
1146 1350 1210 1370 suo
1247 1350 1316 1370 non
1359 1339 1469 1380 potuit
1508 1339 1695 1371 convenire
1736 1339 1768 1370 id
1809 1339 1903 1380 quod
1944 1338 2150 1381 corporibus

677 1396 819 1428 aliorum
846 1396 1023 1428 bominum
1050 1396 1248 1428 naturaliter
1285 1403 1417 1438 poterat
1443 1397 1631 1428 cum-enin·
1666 1403 1716 1428 est
1751 1397 2002 1429 inconveniens
2027 1407 2150 1429 secun-

677 1455 758 1486 dum
798 1454 912 1486 fidem.
954 1455 1024 1486 Sed
1065 1465 1141 1486 cum
1183 1466 1311 1496 corpus
1353 1454 1506 1493 mixtum,
1547 1455 1647 1496 quale
1688 1454 1750 1486 fuit
1790 1465 1917 1496 corpus
1953 1454 2080 1486 Christi
2117 1460 2151 1487 et

677 1512 859 1544 cuiuslibet
900 1512 1059 1549 hominis,
1101 1512 1143 1544 sit
1183 1513 1382 1544 naturaliter
1422 1512 1675 1549 combustibile,
1723 1512 1839 1544 dicere
1887 1513 1982 1554 quod
2022 1523 2150 1555 corpus

677 1570 803 1603 Christi
829 1581 897 1602 non
937 1570 1046 1612 potuit
1072 1570 1228 1602 comburi
1262 1576 1314 1602 est
1345 1570 1460 1602 (licere
1496 1571 1590 1612 quod
1617 1581 1686 1602 non
1722 1570 1784 1602 suit
1809 1570 1961 1610 mixtum,
1986 1581 2052 1603 nec
2088 1570 2151 1602 suit

677 1628 832 1660 eiusdem
858 1628 999 1660 rationis
1025 1634 1057 1660 et
1083 1627 1213 1669 speciei
1238 1638 1315 1659 cum
1342 1628 1548 1670 corporibus
1574 1628 1716 1660 aliorum
1744 1628 1932 1660 hominum.

766 1686 906 1718 Contra.
952 1685 987 1718 Si
1029 1696 1156 1727 corpus
1195 1685 1321 1717 Christi
1361 1686 1471 1727 potuit
1511 1686 1681 1724 comburi,
1723 1692 1871 1728 ponatur
1908 1686 2023 1719 inesse
2063 1697 2151 1718 nova

669 1744 802 1786 forma.
828 1744 898 1776 Sed
931 1745 999 1775 hoc
1036 1743 1149 1785 posito
1176 1743 1330 1785 sequitur
1355 1743 1607 1776 inconveniens
1632 1744 1825 1776 secundum
1855 1743 1968 1776 fidem.
1995 1743 2089 1787 Ergo
2116 1749 2151 1775 et

677 1801 823 1844 primum
851 1801 983 1833 videtur
1008 1801 1268 1833 inconveniens.
1295 1801 1485 1843 Assumpta
1511 1803 1693 1844 probatur:
1720 1813 1798 1833 nam
1823 1801 1850 1833 si
1868 1812 1995 1844 corpus
2021 1801 2150 1834 Christi

678 1859 779 1892 suerit
811 1860 1029 1891 combustum
1056 1865 1089 1891 et
1125 1859 1173 1890 sic
1206 1859 1354 1891 totaliter
1386 1860 1579 1891 secundum
1613 1870 1690 1891 esse
1719 1859 1863 1891 formale
1887 1865 2151 1891 transmutatum

677 1918 729 1949 vel
755 1917 788 1948 in
814 1917 929 1959 ignem
955 1917 1007 1949 vel
1033 1916 1066 1948 in
1100 1916 1234 1949 cineres
1267 1917 1321 1948 vel
1354 1917 1386 1948 in
1420 1918 1666 1958 quodcumque
1695 1917 1799 1956 aliud,
1824 1923 1962 1950 constat
1996 1917 2090 1959 quod
2115 1917 2150 1949 in

678 1974 820 2006 materia
852 1974 1006 2016 corporis
1047 1974 1172 2005 Christi
1213 1985 1284 2005 non
1315 1980 1408 2006 esset
1440 1975 1549 2006 fornia
1585 1986 1675 2016 quae
1711 1974 1806 2016 prius
1842 1980 1924 2014 erat,
1960 1975 2022 2007 sed
2058 1980 2152 2007 esset

678 2033 788 2065 forma
807 2032 949 2064 omnino
967 2043 1068 2070 nova,
1094 2038 1127 2063 et
1151 2031 1216 2070 illa,
1235 2031 1323 2064 sicut
1339 2032 1432 2074 prius
1450 2032 1578 2064 dictum
1597 2038 1659 2072 est,
1678 2033 1721 2064 de
1747 2043 1839 2064 novo
1857 2038 1950 2065 esset
1967 2032 2150 2075 supposito

679 2090 797 2122 divino
823 2090 927 2122 unita.
955 2090 1071 2131 Quare
1097 2095 1130 2121 et
1155 2096 1278 2122 cetera.

767 2148 974 2187 Dicendum,
1011 2155 1046 2180 ut
1078 2149 1207 2181 dictum
1243 2156 1319 2181 est:
1357 2149 1516 2181 Christus
1552 2149 1739 2190 assumpsit
1774 2154 1930 2180 naturam
1964 2149 2151 2181 humanam

678 2206 877 2249 passibilem
896 2212 929 2239 et
953 2207 1220 2248 corruptibilem,
1246 2207 1423 2249 praedicta
1447 2206 1576 2248 duplici
1594 2206 1826 2248 corruptione,
1845 2212 1877 2239 et
1899 2218 1974 2238 cum
1992 2206 2152 2239 habuerit

679 2264 854 2296 materiam
881 2264 1088 2307 unigeneam
1115 2275 1193 2296 cum
1226 2264 1367 2296 materia
1399 2264 1611 2306 corruptibili
1643 2264 1786 2296 aliorum
1819 2264 2008 2303 hominum,
2041 2263 2152 2307 potuit

679 2322 851 2364 corrumpi
872 2322 966 2354 omni
991 2322 1096 2354 modo
1121 2322 1352 2364 corruptionis
1378 2333 1447 2364 quo
1472 2322 1527 2354 alii
1552 2322 1712 2354 homines
1737 2322 1909 2364 corrumpi
1934 2327 2093 2364 possunt,
2118 2327 2153 2354 et

679 2379 754 2413 eius
793 2379 933 2412 materia
976 2380 1151 2412 informari
1191 2380 1343 2422 qualibet
1382 2380 1492 2411 forma
1531 2379 1695 2412 materiali
1735 2391 1803 2421 qua
1848 2385 1965 2422 potest
2010 2379 2152 2412 materia

679 2438 822 2470 aliorum
861 2438 1040 2470 hominum
1082 2437 1267 2476 informari,
1307 2438 1335 2469 si
1376 2438 1568 2470 secundum
1609 2448 1647 2470 se
1687 2444 1719 2469 et
1757 2437 1915 2470 absolute
1954 2443 1991 2469 ut
2029 2443 2152 2470 natura

678 2497 830 2528 humana
864 2495 966 2528 etiam
1002 2495 1132 2528 unione
1167 2506 1237 2527 non
1277 2496 1438 2527 obstante
1478 2495 1725 2527 consideretur.
1762 2495 1850 2527 Nam
1885 2495 2025 2537 ponitur
2056 2495 2152 2536 quod

679 2555 789 2586 forma
814 2564 903 2595 quae
939 2553 972 2585 in
1006 2564 1153 2595 corpore
1186 2553 1314 2585 Christi
1350 2553 1411 2585 fuit
1443 2553 1557 2584 anima
1589 2559 1758 2595 separata,
1791 2553 1864 2585 sive
1895 2553 1997 2585 fuerit
2028 2553 2151 2585 eadem

680 2622 769 2653 quae
794 2611 888 2654 prius
916 2611 989 2643 sive
1018 2611 1093 2650 alia,
1118 2611 1183 2642 sibi
1208 2611 1280 2643 sive
1305 2622 1389 2643 suae
1414 2617 1556 2643 naturae
1585 2611 1749 2642 derelicta
1774 2621 1835 2652 per
1862 2610 2151 2653 putrefactionem

679 2675 712 2701 et
740 2668 1025 2701 incinerationem
1055 2675 1217 2710 corrupta
1246 2668 1377 2707 fuisset,
1403 2668 1492 2700 sicut
1519 2668 1690 2711 contingit
1714 2668 1747 2699 in
1774 2668 1979 2710 corporibus
2006 2668 2151 2700 aliorum

680 2726 869 2766 hominum,
894 2732 931 2758 ut
955 2726 1092 2758 dicebat
1116 2727 1334 2768 respondens
1360 2731 1393 2758 et
1416 2727 1516 2758 bene.
1542 2726 1584 2757 Et
1609 2726 1688 2768 quia
1713 2726 1799 2758 tales
1824 2725 2048 2768 quaestiones
2072 2726 2151 2769 plus
