2493 3458
733 441 883 469 PRIMUM
910 443 1205 477 QUODLIBETUM,
1232 446 1266 479 Q.
1293 446 1388 471 XVIII
1760 449 1788 473 41

331 531 563 563 municatione
588 542 608 562 a
631 542 690 562 reo
716 538 836 563 contra
862 538 1012 564 actorem
1037 534 1249 575 propositam
1276 535 1454 566 admittere
1479 546 1549 566 non
1575 535 1688 576 debet,
1714 536 1793 577 quia

330 589 493 630 quamdiu
519 589 639 630 aliquis
666 595 717 620 est
741 590 913 632 obligatus
939 591 980 621 ad
1000 592 1215 623 reddendum
1234 592 1360 633 aliquid
1379 593 1479 624 alicui
1497 598 1631 625 tenetur
1648 594 1792 626 reddere

329 646 526 678 huiusmodi
544 647 707 685 debitum,
726 653 759 679 et
777 648 877 679 etiam
896 649 939 680 ad
957 650 1024 680 hoc
1045 660 1106 690 per
1130 650 1278 681 iudicem
1304 656 1356 682 est
1380 651 1572 693 cogendus.
1596 652 1599 692 l
1626 651 1697 683 Sed
1722 662 1792 683 non

328 704 488 736 obstante
514 705 873 737 excommunicatione
900 706 1025 737 actoris
1050 718 1128 738 reus
1147 712 1198 739 est
1216 713 1249 739 et
1265 707 1328 738 fuit
1346 707 1375 739 ei
1394 708 1568 750 obligatus
1587 708 1630 739 ad
1647 709 1792 740 redden-

329 762 409 793 dum
428 761 556 802 aliquid
574 762 720 794 termino
738 762 804 794 iam
826 764 955 804 elapso.
975 764 1069 806 Ergo
1087 770 1120 796 et
1137 770 1261 796 cetera,

327 820 556 863 ,tfflContra
576 821 699 852 Forum
722 821 729 836 ¹
754 821 931 853 saeculare
957 827 1009 853 est
1032 822 1119 853 infra
1137 823 1248 854 forum
1277 823 1550 855 ecclesiasticum
1576 829 1609 855 et
1637 823 1715 856 ideo
1747 823 1792 855 illi

327 878 428 909 etiarn
458 878 562 910 debet
590 878 755 910 oboedire
784 884 817 910 et
845 879 957 920 ipsum
976 879 1106 910 imitari.
1134 880 1204 912 Sed
1232 880 1267 911 in
1284 881 1360 912 foro
1379 881 1616 913 ecclesiastico
1634 892 1653 913 a
1678 881 1792 913 iudice

328 936 563 968 ecclesiastico
582 937 817 968 admitteretur
834 937 1031 968 huiusmodi
1050 937 1218 979 exceptio.
1237 938 1330 981 Ergo
1348 938 1449 970 etiam
1471 939 1505 970 in
1523 939 1598 971 foro
1623 939 1792 971 saeculari

327 999 379 1025 est
396 994 498 1026 etiam
515 1005 535 1025 a
552 994 720 1026 saeculari
737 994 851 1026 iudice
869 994 1091 1026 admittenda.

415 1052 626 1093 Respondeo
652 1052 837 1084 dicendum
864 1053 967 1093 quod,
994 1063 1071 1084 cum
1102 1054 1412 1085 excommunicatio
1441 1054 1483 1085 sit
1511 1065 1625 1095 poena
1654 1055 1791 1086 medici-

325 1109 421 1148 nalis,
440 1110 544 1142 debet
560 1110 688 1142 servari
706 1110 740 1141 in
761 1116 927 1151 quantum
952 1121 1095 1153 vergere
1121 1112 1225 1143 habet
1250 1112 1293 1142 ad
1318 1112 1569 1144 correctionem
1595 1123 1791 1144 excommu-

325 1167 457 1206 nicati2,
477 1168 570 1209 quod
588 1168 625 1199 fit
642 1178 719 1199 cum
742 1169 772 1199 ei
790 1169 983 1211 denegatur
1000 1169 1199 1200 communio
1216 1169 1367 1201 fidelium
1385 1169 1419 1201 in
1436 1169 1489 1201 his
1507 1181 1595 1211 quae
1613 1176 1731 1202 essent
1748 1171 1791 1202 ad

324 1225 398 1257 eius
416 1226 636 1257 commodum
654 1227 843 1268 temporale
861 1227 913 1258 vel
932 1227 1207 1258 consolationem
1225 1227 1506 1268 temporalemSi
1523 1233 1637 1259 autem
1655 1239 1791 1260 excom-

324 1283 518 1315 municatus
535 1290 656 1325 posset
673 1284 929 1316 communicare
947 1295 1025 1316 cum
1043 1284 1116 1316 aliis
1134 1285 1168 1315 in
1186 1285 1376 1326 repetendo
1394 1285 1510 1317 debita
1531 1297 1593 1317 sua
1618 1291 1651 1317 et
1675 1286 1791 1317 huius-

324 1340 427 1379 modi,
452 1342 519 1372 hoc
537 1342 675 1373 cederet
692 1342 736 1373 ad
761 1343 983 1373 commodum
1009 1348 1042 1373 et
1066 1343 1342 1374 consolationem
1368 1342 1450 1374 eius.
1477 1343 1559 1375 Ideo
1581 1343 1693 1375 eidem
1715 1343 1765 1375 sic
1781 1343 1792 1359 ³

323 1399 453 1440 petenti
470 1410 542 1430 non
561 1405 613 1431 est
637 1400 975 1439 communicandum,
990 1400 1093 1432 immo
1119 1401 1417 1432 communicantes
1435 1400 1649 1432 incurrerent
1669 1401 1789 1433 saltem

323 1459 489 1490 minorem
518 1458 923 1490 excommunicationem.
946 1458 987 1489 Et
1015 1457 1094 1489 ideo
1120 1458 1278 1499 exceptio
1304 1469 1408 1499 super
1432 1458 1789 1491 excommunicatione

323 1516 502 1558 proposita
519 1522 639 1548 contra
656 1516 769 1558 ipsum
788 1527 857 1547 non
876 1516 988 1547 solum
1014 1527 1033 1546 a
1057 1516 1170 1547 iudice
1196 1516 1432 1548 ecclesiastico
1458 1517 1520 1548 sed
1544 1516 1713 1548 saeculari
1738 1522 1790 1549 est

322 1573 543 1605 admittenda.
562 1574 689 1606 Peccat
706 1573 797 1605 enim
815 1573 1135 1605 excommunicatus
1153 1573 1202 1605 sic
1227 1584 1264 1605 se
1289 1574 1481 1617 ingerendo
1507 1579 1539 1606 et
1556 1574 1659 1606 iudex
1677 1574 1789 1607 eidem

322 1631 623 1664 communicando.
642 1632 748 1662 Immo
775 1631 875 1663 etiam
901 1631 988 1663 forte
1013 1631 1071 1672 qui
1086 1631 1097 1647 4
1121 1632 1271 1663 solveret
1292 1631 1323 1663 ei
1345 1637 1470 1673 sponte
1488 1632 1716 1671 malefaceret,
1735 1633 1789 1664 vel

321 1690 442 1721 saltem
459 1700 531 1721 non
547 1695 684 1721 tenetur
701 1689 732 1720 ei
749 1690 884 1721 solvere
902 1689 1066 1730 quamdiu
1084 1694 1135 1721 est
1153 1689 1187 1720 in
1204 1689 1262 1720 tali
1279 1695 1369 1721 statu
1394 1695 1535 1731 propter
1560 1689 1685 1722 dictam
1711 1701 1788 1722 cau-

321 1758 404 1786 sam,
426 1747 492 1778 nisi
509 1747 624 1788 aliqua
641 1747 832 1779 necessitas
850 1758 890 1779 ex
909 1752 1005 1788 parte
1023 1746 1312 1779 excommunicati
1329 1747 1383 1779 vel
1400 1757 1508 1779 causa
1525 1747 1641 1779 damni
1660 1747 1788 1779 vitandi

322 1815 363 1837 ex
379 1810 476 1846 parte
494 1804 660 1837 debitoris
679 1816 757 1836 eum
783 1810 973 1837 excusaret.
999 1806 1106 1836 Immo
1131 1805 1233 1836 etiam
1259 1805 1287 1836 si
1309 1804 1432 1846 aliquis
1457 1805 1603 1837 iurasset
1628 1805 1762 1837 solvere
1778 1805 1789 1822 5

321 1863 422 1895 alicui
447 1863 490 1894 ad
515 1862 663 1904 aliquam
688 1868 816 1895 certam
841 1862 942 1901 diem,
961 1863 989 1894 si
1006 1862 1063 1895 illo
1081 1868 1236 1905 tempore
1255 1868 1347 1895 esset
1364 1862 1683 1895 excommunicatus
1700 1863 1788 1895 forte

320 1921 455 1953 solvere
473 1931 543 1953 non
562 1926 746 1953 teneretur.
765 1921 814 1952 Ex
832 1932 901 1962 quo
919 1920 1010 1953 enim
1036 1932 1097 1962 per
1122 1921 1271 1953 iudicem
1297 1921 1354 1962 qui
1372 1922 1476 1953 debet
1493 1921 1695 1954 iniuriantes
1713 1921 1787 1953 aliis

319 1979 492 2020 corripere
521 1984 554 2010 et
578 1979 622 2011 ad
647 1978 931 2010 satisfaciendum
958 1989 1086 2021 cogere
1111 1978 1186 2010 talis
1212 1989 1283 2010 non
1311 1979 1522 2022 cogeretur⁶
1549 1979 1683 2011 solvere
1711 1979 1740 2011 si
1768 1990 1788 2011 a

319 2037 490 2069 creditore
518 2037 771 2074 conveniretur,
801 2037 881 2078 quia
910 2048 971 2078 per
999 2036 1240 2078 exceptionem
1265 2048 1284 2068 a
1309 2037 1436 2069 iudicio
1462 2037 1698 2079 expelleretur,
1716 2048 1787 2069 non

318 2094 478 2127 videtur⁷
506 2096 600 2137 quod
628 2106 692 2136 pro
721 2095 778 2126 tali
807 2100 896 2126 statu
924 2100 1099 2127 teneretur
1128 2095 1175 2126 sic
1193 2094 1205 2111 ⁸
1228 2095 1438 2134 satisfacere,
1467 2106 1533 2127 nec
1550 2095 1686 2127 videtur
1713 2095 1787 2127 eius

319 2153 456 2185 debitor
480 2164 558 2185 esse
583 2164 645 2195 pro
670 2153 728 2184 illo
746 2158 852 2191 statu3
875 2164 953 2184 nam
973 2153 1000 2184 si
1017 2158 1109 2184 esset
1126 2153 1262 2184 debitor
1278 2163 1340 2194 per
1355 2152 1505 2185 iudicem
1524 2153 1788 2194 compelleretur

319 2211 363 2242 ad
392 2211 675 2243 satisfaciendum
704 2211 861 2242 debitori.
887 2211 1020 2242 Tamen
1052 2211 1095 2242 de
1131 2211 1199 2243 hoe
1235 2215 1397 2242 notantur
1432 2210 1616 2252 opiniones
1652 2210 1786 2243 decima

318 2269 447 2311 quinta,
466 2269 649 2310 questione
668 2274 774 2307 sexta,
793 2268 943 2310 capitulo
960 2269 1036 2300 Nos
1054 2274 1253 2300 sanctorum
1272 2270 1328 2309 (1).

408 2427 415 2441 ¹
429 2425 478 2452 s02
492 2428 517 2458 (s
531 2425 815 2458 transverberatum)
836 2425 859 2451 V
877 2427 906 2451 et
923 2426 1025 2459 scrips.
1046 2425 1079 2450 in
1099 2434 1196 2460 marg.
1216 2431 1248 2450 222
1262 2433 1340 2451 man.
1360 2425 1390 2450 P.
1405 2440 1438 2444 ——
1453 2425 1462 2439 Ξ
1477 2433 1530 2450 om.
1545 2425 1575 2450 P.
1590 2440 1622 2444 -—-
1642 2425 1653 2440 ⁸
1666 2425 1741 2451 sicut
1755 2425 1784 2451 P.

317 2485 345 2488 —
364 2471 374 2484 ⁴
388 2469 467 2504 quod
480 2469 513 2495 V.
527 2485 559 2488 ——
575 2470 585 2484 ⁵
598 2478 653 2495 om.
668 2469 698 2495 P.
713 2485 745 2488 —
760 2469 770 2483 ⁰
783 2473 930 2495 teneretur
944 2469 974 2495 P.
989 2485 1021 2488 —
1037 2469 1046 2484 ⁷
1059 2477 1116 2495 non
1130 2468 1254 2502 videtur]
1275 2468 1352 2494 unde
1366 2468 1514 2494 videretur
1533 2468 1563 2494 P.
1578 2484 1610 2488 —-
1625 2469 1636 2484 ⁵
1654 2468 1709 2494 sibi
1727 2469 1784 2494 PV.

404 2586 443 2618 (l)
464 2593 488 2611 c.
501 2586 526 2612 4.
540 2585 573 2612 C.
587 2585 648 2611 XV.
664 2593 710 2620 qu.
724 2586 749 2611 6.

1847 631 1911 657 eod.
1924 632 1949 657 V

1821 666 1870 692 fol.
1881 668 1933 693 256
1944 667 1985 693 V³
