2493 3458
676 435 726 461 140
1038 435 1227 462 MAGISTRI
1257 435 1475 463 GODEFRIDI
1506 436 1556 463 DE
1587 435 1783 464 FONTIBUS

676 525 910 566 Augustinum
939 528 984 566 (l)
1031 536 1136 567 super
1175 525 1327 568 capitulo
1368 525 1551 558 Iohannis:
1589 525 1713 558 caritas
1753 532 1903 559 meretur
1950 526 2070 569 augeri
2111 532 2148 559 ut

675 589 776 615 aucta
801 589 971 615 mereatur
996 583 1124 625 pertici.
1151 583 1257 615 Immo
1290 583 1423 615 videtur
1455 584 1549 625 quod
1583 584 1775 615 secundum
1810 584 1957 626 aliquem
1993 583 2146 616 habitum

675 641 728 673 vel
754 641 951 682 qualitatem
981 652 1051 672 non
1080 641 1189 683 possit
1218 641 1358 682 aliquod
1387 641 1580 673 subiectum
1610 641 1676 672 dici
1706 641 1816 673 maius
1844 642 1897 674 vel
1925 642 2037 674 minus
2069 642 2146 680 tale,

674 698 738 730 nisi
765 698 839 740 ipsa
869 699 1061 730 secundum
1087 710 1125 730 se
1153 699 1279 731 habeat
1309 710 1385 731 esse
1411 698 1520 730 maius
1549 705 1581 730 et
1607 698 1731 738 minus,
1749 699 1837 731 sicut
1862 709 1928 732 nec
1953 699 2146 731 secundum

675 755 784 798 ipsam
810 761 862 788 est
887 756 1079 788 subiectum
1105 757 1171 788 tale
1196 756 1434 798 participans-¹
1463 756 1527 788 nisi
1553 756 1633 798 quia
1659 756 1733 799 ipsa
1759 762 1811 788 est
1840 757 1915 789 talis
1940 768 2002 799 per
2030 767 2147 789 essen-

675 814 765 845 tiam.
792 814 910 854 Quare
935 820 969 846 et
993 820 1118 846 cetera.

764 872 905 903 Contra.
943 872 1027 903 illud
1063 871 1162 904 cuius
1195 871 1281 903 ratio
1318 877 1350 904 et
1386 871 1522 914 species
1559 871 1716 903 consistit
1752 872 1785 904 in
1816 871 2041 904 indivisibili²
2076 882 2147 904 non

675 935 789 971 potest
806 928 926 972 augeri
952 940 1013 971 per
1038 929 1234 961 essentiam.
1261 930 1331 961 Sed
1357 929 1442 961 ratio
1467 929 1597 972 speciei
1623 936 1656 962 et
1673 930 1846 962 essentiae
1871 929 2147 971 uniuscuiusque

675 987 763 1019 entis
791 987 950 1018 consistit
975 987 1008 1018 in
1037 987 1233 1019 indivisibili
1250 987 1268 1018 ³.
1298 987 1386 1019 Nam
1415 987 1608 1019 secundum
1639 987 1888 1030 Philosophum
1906 989 1962 1028 (2),
1990 987 2143 1019 octavo⁴

674 1044 944 1087 Metaphysicae,
977 1045 1113 1086 species
1146 1051 1178 1077 et
1214 1045 1386 1077 essentiae
1419 1056 1530 1077 rerum
1563 1045 1715 1077 numeris
1757 1051 2023 1087 comparantur3
2062 1044 2148 1077 ratio

675 1108 788 1135 autem
807 1102 990 1134 cuiuslibet
1008 1102 1140 1134 numeri
1158 1102 1315 1134 consistit
1341 1102 1373 1134 in
1400 1102 1529 1134 unitate
1555 1102 1688 1134 formali
1707 1113 1726 1134 a
1743 1113 1811 1144 qua
1835 1102 1863 1134 si
1881 1102 1939 1134 fiat
1964 1102 2146 1134 diminutio

674 1161 728 1193 vel
761 1160 891 1192 additio
919 1160 1070 1192 variatur
1094 1160 1245 1192 essentia
1271 1166 1303 1192 et
1328 1160 1474 1202 species.
1507 1160 1601 1203 Ergo
1634 1160 1786 1192 similiter
1818 1160 1903 1192 ratio
1935 1167 1968 1192 et
1997 1159 2149 1193 essentia

675 1218 804 1260 speciei
845 1217 1119 1259 uniuscuiusque
1151 1217 1288 1249 habitus
1320 1218 1478 1250 consistit
1511 1218 1543 1250 in
1577 1218 1774 1250 indivisibili
1795 1217 1815 1257 Ε,
1856 1218 1901 1250 ita
1941 1218 2035 1260 quod
2075 1218 2151 1261 ipsa

676 1282 837 1308 manente
863 1276 984 1307 eadem
1010 1276 1203 1307 secundum
1229 1275 1415 1307 essentiam
1441 1286 1512 1307 n‹›n
1539 1275 1663 1317 poterit
1688 1275 1831 1307 diminui
1860 1276 1912 1308 vel
1937 1275 2066 1317 augeri.

764 1333 976 1375 Respondeo
1002 1333 1188 1365 dicendum
1214 1333 1308 1374 quod
1334 1333 1423 1365 sicut
1449 1333 1587 1375 species
1612 1333 1795 1366 cuiuslibet
1830 1333 1962 1366 numeri
1991 1332 2150 1366 consistit

675 1391 707 1423 in
734 1390 938 1433 potentiali⁰
971 1390 1198 1430 multitudine,
1233 1397 1267 1422 ut
1297 1402 1358 1423 sex
1387 1402 1458 1422 non
1488 1397 1540 1422 est
1568 1391 1620 1422 bis
1653 1397 1721 1423 tres
1751 1391 1813 1423 sed
1849 1391 1956 1423 semel
1993 1389 2081 1423 sex⁷
2116 1396 2150 1422 et

1110 1448 1121 1464 8

674 1450 702 1481 si
738 1449 850 1491 magis
882 1449 934 1480 vel
971 1448 1084 1480 minus
1155 1448 1367 1490 accipiamus
1400 1459 1470 1480 non
1506 1448 1711 1481 habebimus
1744 1449 1897 1491 speciem
1930 1448 2067 1488 senarii,
2100 1448 2150 1480 sie

676 1506 827 1539 essentia
859 1505 1043 1538 cuiuslibet
1079 1506 1209 1538 formae
1245 1513 1411 1547 quantum
1441 1507 1484 1538 ad
1509 1507 1640 1549 gradus
1657 1506 1830 1539 essentiae
1847 1512 1899 1539 est
1918 1505 2114 1548 potentialis
2129 1505 2149 1537 ⁰.

517 1555 582 1582 cod.
597 1555 622 1582 V

488 1591 529 1618 sol
548 1591 652 1618 269V³
676 1564 717 1596 Et
742 1564 820 1596 ideo
850 1563 877 1595 si
906 1564 939 1596 in
969 1564 1077 1595 forma
1103 1564 1296 1596 secundum
1331 1575 1368 1596 se
1397 1563 1609 1606 accipiamus
1642 1567 1645 1604 1
1679 1564 1789 1607 magis
1821 1570 1854 1596 et
1894 1563 2008 1596 minus
2043 1563 2151 1595 varia-

674 1622 788 1654 bimus
813 1621 976 1664 speciem.
1003 1621 1095 1663 Quia
1112 1632 1196 1663 ergo
1219 1622 1392 1663 quaelibet
1418 1622 1529 1654 forma
1554 1621 1720 1664 specifica
1745 1628 1798 1654 est
1822 1622 1933 1653 forma
1956 1621 2150 1654 secundum

675 1691 713 1713 se
738 1691 807 1712 una
825 1680 1018 1712 secundum
1037 1679 1164 1721 aliquid
1190 1679 1294 1712 fixum
1321 1686 1354 1712 et
1371 1685 1468 1711 stans
1487 1686 1519 1711 et
1547 1679 1764 1718 indivisibile,
1789 1679 1928 1711 sortitur
1951 1678 2151 1711 huiusmodi

674 1738 840 1770 unitatem
868 1737 1078 1780 specificam,
1104 1743 1137 1769 et
1162 1748 1403 1779 quaecumque
1432 1738 1475 1769 ad
1501 1737 1581 1769 illud
1600 1737 1624 1754 ¹⁰
1658 1737 1832 1780 attingunt
1857 1738 1922 1769 sub
1952 1736 2007 1768 illa
2032 1735 2151 1779 specie

675 1796 904 1828 continentur.
938 1796 1038 1836 Quae
1067 1802 1181 1828 autem
1210 1796 1376 1827 recedunt
1407 1796 1450 1827 ab
1482 1795 1540 1827 illo
1565 1796 1618 1827 vel
1647 1795 1681 1827 in
1710 1795 1787 1838 plus
1815 1795 1870 1827 vel
1898 1795 1932 1827 in
1961 1794 2074 1826 minus
2104 1794 2149 1826 ad

675 1854 775 1886 aliam
800 1853 953 1896 speciem
986 1853 1160 1895 pertinent
1191 1853 1433 1895 perfectiorem
1468 1853 1521 1885 vel
1555 1853 1853 1896 imperfectiorem.
1888 1852 1929 1885 Et
1953 1852 2033 1884 ideo
2057 1852 2151 1884 nulla

676 1912 786 1944 forma
814 1911 979 1954 specifica
1008 1911 1202 1943 secundum
1236 1922 1274 1943 se
1310 1917 1425 1953 potest
1455 1911 1610 1953 recipere
1644 1911 1755 1954 magis
1787 1917 1821 1943 et
1852 1910 1976 1942 minus.
2006 1929 2046 1934 -—
2079 1909 2151 1942 Sed

676 1970 787 2002 forma
810 1969 960 2012 generis,
994 1969 1073 2010 quia
1097 1980 1169 2001 non
1202 1975 1254 2001 est
1284 1979 1354 2000 una
1379 1969 1438 2008 sic,
1464 1968 1544 2001 ideo
1569 1975 1684 2011 potest
1701 1968 1905 2012 contingere
1928 1968 2020 2000 circa
2041 1967 2151 2010 ipsam

675 2027 752 2059 talis
779 2027 932 2059 variatio.
963 2027 1168 2070 Intelligitur
1198 2026 1289 2058 enim
1324 2032 1416 2058 totus
1441 2027 1527 2058 ordo
1561 2026 1690 2058 entium
1723 2027 1830 2058 fluere
1859 2037 1878 2058 a
1918 2025 2028 2068 primo
2061 2030 2150 2058 ente.

675 2085 774 2118 Sicut
802 2091 895 2117 totus
924 2085 1010 2116 ordo
1035 2094 1257 2116 numerorum
1276 2083 1350 2116 fluit
1374 2085 1418 2116 ab
1448 2083 1589 2123 unitate,
1607 2090 1750 2126 propter
1774 2084 1868 2125 quod
1893 2094 1964 2116 non
1982 2088 2063 2115 sunt
2085 2082 2151 2115 nisi

675 2144 746 2175 duo
777 2143 911 2175 numeri
943 2142 1154 2174 diversarum
1187 2141 1382 2184 specierum
1417 2141 1604 2183 aequaliter
1638 2143 1681 2174 ab
1711 2142 1840 2174 unitate
1869 2147 1903 2174 et
1931 2142 1974 2173 ab
2003 2141 2151 2173 invicem

676 2201 855 2240 distantes,
892 2201 937 2233 ita
971 2200 1108 2232 videtur
1143 2200 1237 2242 quod
1274 2210 1345 2232 non
1382 2199 1450 2231 sint
1485 2200 1575 2232 duae
1611 2199 1748 2242 species
1784 2199 1819 2231 in
1854 2209 1986 2243 genere
2022 2199 2151 2231 entium

677 2258 866 2300 aequaliter
894 2258 982 2290 inter
1018 2269 1056 2290 se
1085 2263 1117 2290 et
1146 2269 1165 2290 a
1193 2257 1304 2300 primo
1335 2257 1529 2289 secundum
1562 2258 1693 2301 gradus
1717 2257 1941 2300 perfectionis
1972 2257 2150 2289 distantes.

766 2428 773 2443 ¹
796 2427 854 2454 tale
877 2425 1067 2463 participans]
1089 2425 1148 2454 tale
1167 2425 1371 2463 participatem
1393 2422 1546 2465 {pticipaffz
1566 2425 1619 2459 V);
1639 2424 1843 2462 participatem
1863 2424 1922 2453 tale
1942 2424 1972 2452 P.
1993 2441 2026 2445 -—
2046 2424 2057 2441 ²
2078 2422 2151 2452 divi-

674 2470 751 2498 sibili
770 2471 801 2497 Ρ.
822 2488 855 2491 -
874 2472 885 2487 ³
905 2471 1042 2498 divisibili
1063 2472 1093 2497 P.
1114 2487 1147 2490 —
1167 2473 1176 2486 ⁴
1197 2471 1298 2506 quinto
1319 2471 1349 2497 P.
1370 2487 1403 2490 —
1424 2472 1434 2486 ⁵
1453 2471 1592 2497 divisibili
1611 2471 1642 2497 P.
1662 2486 1695 2490 -—
1716 2471 1726 2485 ⁸
1745 2474 1892 2505 potestate
1911 2470 1943 2496 P.
1963 2485 1996 2488 —
2018 2469 2026 2484 ⁷
2045 2469 2098 2496 sed
2117 2484 2151 2488 —

675 2516 735 2549 sex]
751 2523 805 2541 om.
819 2515 850 2542 P.
870 2531 903 2535 —
924 2515 934 2530 ⁸
953 2523 1008 2541 om.
1028 2515 1058 2541 P.
1079 2530 1111 2534 ——
1127 2516 1137 2529 ⁰
1150 2515 1269 2549 pluralis
1289 2515 1319 2546 P,
1339 2514 1508 2550 potentialis
1528 2523 1625 2550 ntarg.
1645 2520 1679 2540 2⁰
1700 2523 1736 2540 m.
1757 2514 1787 2540 P.
1808 2529 1841 2532 —
1863 2514 1883 2529 ¹⁰
1896 2513 1926 2540 id
1945 2513 1976 2539 P.

764 2650 803 2683 (l)
822 2647 1015 2685 Augustini
1030 2648 1060 2675 in
1076 2648 1220 2676 Iohannis
1234 2648 1350 2685 Evang.
1365 2651 1450 2676 tract.
1465 2648 1592 2682 LXXIV,
1606 2651 1623 2676 2
1636 2649 1678 2681 (P.
1692 2647 1733 2682 Li,
1746 2647 1803 2676 vol.
1817 2647 1860 2682 35,
1873 2657 1901 2684 p.
1918 2646 2005 2682 1827).
2023 2660 2033 2672 ιτ
2049 2645 2152 2675 Restat

676 2700 746 2728 ergo
769 2698 800 2720 ut
822 2693 1019 2728 intelligamus
1042 2693 1181 2728 Spiritum
1203 2694 1346 2731 §anctum
1370 2693 1478 2719 habere
1503 2693 1550 2728 qui
1575 2692 1678 2728 diligit,
1701 2697 1730 2719 et
1751 2692 1888 2719 habendo
1911 2692 2016 2718 mereri
2036 2697 2066 2718 ut
2085 2692 2151 2727 plus

675 2737 791 2770 habeat,
812 2741 840 2763 et
859 2737 925 2771 plus
940 2736 1077 2763 habendo
1097 2737 1163 2772 plus
1183 2736 1294 2772 diligat.
1308 2748 1319 2761 x
1336 2752 1369 2756 ——-
1384 2738 1423 2770 (2)
1437 2736 1496 2763 Cfr.
1511 2746 1538 2772 p.
1554 2738 1612 2769 102,
1626 2745 1652 2762 n.
1668 2738 1715 2769 (1).
