2493 3458
535 1011 599 1038 cod.
611 1012 633 1038 P

506 1047 556 1074 fol.
570 1049 616 1074 141
630 1047 669 1073 Ra

540 2261 605 2288 cod.
615 2261 641 2287 V

512 2297 551 2324 fol
571 2299 624 2324 258
634 2297 673 2324 Rb

687 411 720 435 50
1051 408 1238 435 MAGISTRl
1269 408 1484 434 GODEFRIDI
1516 408 1566 434 DE
1595 408 1791 434 FONTIBUS

689 499 732 530 ab
761 499 918 540 exemplo
948 499 1139 540 pulchrum,
1173 497 1422 539 pulcherrimus
1455 497 1529 539 ipse
1562 498 1726 528 mundum
1759 503 1872 528 ment(⁴
1909 507 2035 535 gerens
2066 495 2154 526 sirni-

689 555 779 597 lique
805 555 837 587 in
864 555 1013 597 imagine
1039 556 1202 587 formans.
1231 556 1276 586 lta
1301 555 1393 596 quos}
1420 555 1506 586 sicut
1532 554 1732 586 relationem
1754 555 1877 586 realem
1905 561 1937 585 et
1960 560 2152 595 respectum

689 625 729 646 ex
747 620 902 655 tempore
923 614 1026 645 habet
1043 619 1199 645 creatura
1218 613 1260 644 ad
1281 613 1390 644 Deum
1411 619 1445 643 ut
1463 613 1504 643 ad
1531 623 1670 644 causam
1697 612 1911 649 efficientem,
1938 611 1970 642 in
1989 617 2153 652 quantun]

688 672 793 703 habet
810 672 902 712 quod
932 671 973 702 sit
1002 671 1152 702 existens
1183 670 1214 702 in
1245 670 1369 701 effectu
1400 681 1460 711 per
1488 669 1612 701 dictam
1638 670 1859 707 voluntatem,
1886 669 1930 700 ita
1955 668 2153 700 relationem

690 729 815 761 realem
834 734 867 760 et
885 734 1079 770 respectum
1097 729 1140 759 al)
1159 734 1299 759 aeterno
1318 728 1422 759 habet
1445 728 1450 744 ¹
1477 727 1519 758 ad
1546 727 1656 768 ipsum
1683 733 1718 758 ut
1743 728 1786 758 ad
1812 738 1951 758 causam
1978 726 2153 757 formalem

691 787 929 828 exemplarem,
963 786 995 817 in
1030 791 1194 827 quantum
1236 786 1339 816 habet
1380 785 1472 826 quod
1514 784 1555 816 sit
1596 796 1658 816 ens
1690 784 1828 825 aliquod
1870 795 1930 826 per
1969 783 2154 815 essentiam

690 845 815 876 realem
845 844 877 875 in
907 854 985 875 esse
1014 843 1242 884 quidditativo
1272 854 1332 884 per
1368 842 1518 874 (livinum
1558 842 1735 874 scientiam
1771 842 1962 873 seeundum
1988 841 2155 872 rationem

691 901 835 933 idealem
877 907 912 932 ut
951 900 1080 932 (lictum
1128 907 1189 932 est.
1231 900 1397 932 Neutrum
1442 907 1556 931 autem
1603 906 1797 940 respectum
1839 899 1963 930 realem
2011 904 2156 940 possunt

690 960 818 991 habere
847 958 1011 1001 figmenta
1041 964 1200 1000 respectu
1232 958 1305 995 l)ei,
1335 957 1414 999 quia
1445 968 1534 999 quae
1563 968 1633 988 non
1659 958 1787 988 habent
1812 957 1984 998 exemplar
2010 956 2042 987 in
2071 956 2157 993 Deo,

692 1023 724 1048 et
742 1016 820 1048 ideo
838 1016 938 1047 etiam
969 1027 1038 1047 non
1076 1018 1079 1056 Ι
1117 1022 1196 1047 sunt
1225 1021 1305 1046 nata
1323 1026 1399 1047 esse
1429 1015 1556 1056 aliquid
1585 1015 1617 1046 in
1648 1026 1683 1046 re
1713 1021 1805 1046 extra
1838 1014 1870 1045 in
1899 1025 2008 1046 rerum
2038 1019 2158 1045 natura

692 1085 761 1106 non
791 1080 937 1116 possunt
966 1073 1032 1105 (lici
1061 1079 1182 1104 natura
1211 1073 1262 1104 vel
1293 1073 1443 1104 essentia
1472 1079 1529 1104 aut
1561 1084 1624 1109 res,
1654 1073 1705 1104 vel
1732 1072 1901 1103 certitudo
1933 1071 2047 1113 aliqua
2079 1077 2157 1103 nata

692 1132 792 1164 etiam
819 1131 895 1173 capi
921 1133 964 1162 ab
990 1131 1162 1162 intellectu
1189 1131 1286 1163 cuius
1312 1130 1484 1162 obiectum
1512 1136 1563 1162 est
1588 1130 1771 1171 quidditas.

781 1189 913 1221 Dicitur
937 1199 1021 1231 ergo
1046 1189 1238 1220 secundum
1264 1188 1440 1230 praedicta
1465 1189 1570 1229 quod,
1598 1188 1773 1229 loquendo
1799 1187 1842 1218 de
1868 1198 1937 1218 non
1963 1197 2040 1219 esse
2065 1186 2158 1228 quod

693 1247 801 1289 privat
833 1258 970 1279 omnem
999 1246 1164 1278 rationem
1194 1245 1333 1278 essendi
1347 1245 1367 1283 ²,
1397 1252 1499 1287 prout
1531 1245 1658 1286 aliquid
1691 1245 1820 1277 6ῐίιιιη3
1852 1244 1900 1276 sic
1933 1244 2056 1276 dicitur
2087 1254 2158 1275 non

693 1316 770 1337 esse
802 1305 895 1346 quod
928 1315 997 1336 non
1030 1305 1134 1335 habet
1167 1303 1332 1335 rationem
1367 1304 1596 1344 exemplarem
1630 1302 1662 1334 in
1693 1303 1768 1334 Deo
1798 1308 1916 1344 (quare
1945 1312 2010 1334 nec
2042 1294 2159 1333 natum

693 1368 744 1395 est
778 1373 855 1394 esse
889 1368 982 1394 extra
1011 1361 1043 1393 in
1073 1372 1185 1393 rerum
1215 1367 1360 1401 natura),
1390 1360 1440 1392 sic
1470 1371 1539 1392 non
1569 1367 1620 1392 est
1646 1370 1776 1401 ponere
1801 1360 1948 1401 aliquam
1975 1358 2160 1391 essentiam

693 1426 869 1452 creaturae
895 1430 956 1461 per
980 1419 1242 1450 indifferentiam
1269 1430 1306 1450 se
1331 1419 1459 1450 habere
1484 1418 1527 1449 ad
1553 1428 1630 1450 esse
1656 1423 1689 1449 et
1714 1429 1783 1449 non
1802 1428 1900 1454 esse;
1926 1417 2030 1448 immo
2059 1427 2161 1458 quae-

692 1477 798 1510 libet⁴
823 1477 974 1509 essentia
999 1482 1177 1508 creaturae
1202 1476 1429 1508 determinata
1453 1482 1505 1507 est
1530 1476 1573 1507 ad
1599 1475 1737 1516 aliquod
1763 1486 1840 1507 esse
1865 1475 1996 1507 scilieet
2018 1475 2062 1506 ad
2083 1484 2161 1506 esse

693 1535 955 1577 quidditativum
989 1541 1022 1566 et
1054 1534 1238 1566 essentiale
1271 1541 1306 1565 ut
1337 1534 1465 1565 dietum
1499 1540 1559 1565 est.
1593 1533 1663 1565 Sed
1697 1533 1873 1574 loquendo
1907 1533 1949 1565 de
1981 1543 2050 1564 non
2084 1542 2162 1564 esse

693 1593 786 1635 quod
811 1598 917 1635 negat
941 1603 1018 1624 esse
1043 1592 1236 1624 secundum
1263 1602 1365 1623 unam
1392 1591 1558 1623 rationem
1585 1591 1734 1627 essendi,
1761 1590 1891 1623 scilicet
1915 1601 1993 1622 esse
2019 1589 2162 1622 actualis

694 1650 895 1683 existentiae
920 1656 1014 1681 extra
1040 1649 1073 1681 in
1100 1649 1342 1692 singularibus
1368 1660 1438 1680 non
1463 1655 1568 1691 negat
1593 1655 1707 1681 tamen
1734 1659 1811 1681 esse
1840 1648 2033 1680 seeundum
2062 1647 2162 1679 aliam

694 1708 861 1740 rationem
894 1707 1034 1739 essendi
1067 1707 1196 1739 scilicet
1225 1717 1304 1739 esse
1333 1706 1505 1738 essentiae
1534 1716 1604 1748 quo
1632 1717 1686 1738 res
1716 1712 1767 1738 est
1795 1706 1828 1737 id
1857 1705 1951 1747 quod
1981 1711 2033 1737 est
2061 1704 2094 1736 in
2125 1714 2163 1736 se

694 1765 886 1797 secundum
923 1775 1000 1797 esse
1020 1764 1031 1781 ⁶
1067 1763 1328 1806 quidditativum
1361 1770 1394 1796 et
1426 1765 1618 1796 secundum
1656 1770 1864 1805 conceptum
1901 1763 2097 1794 absolutum
2131 1768 2164 1794 et

694 1823 818 1855 dieitur
845 1834 924 1855 esse
952 1833 1007 1855 res
1036 1828 1069 1854 et
1097 1828 1219 1854 natura
1247 1822 1359 1863 aliqua
1388 1821 1467 1854 licet
1495 1832 1565 1853 non
1595 1822 1722 1853 habeat
1753 1832 1831 1854 6556
1864 1821 1898 1852 in
1931 1819 2163 1863 singularibus

695 1886 799 1920 extra,
823 1900 861 1904 —
882 1881 950 1913 hoc
974 1880 1078 1912 modo
1104 1881 1193 1912 bene
1219 1886 1270 1912 est
1295 1890 1425 1921 ponere
1451 1879 1635 1911 essentiam
1662 1885 1695 1911 et
1719 1885 1874 1910 naturam
1900 1884 2078 1910 creaturae
2102 1888 2160 1920 per

695 1938 957 1971 indifferentiam
983 1949 1021 1970 56
1045 1938 1174 1969 habere
1199 1938 1242 1969 ad
1267 1948 1345 1969 esse
1371 1944 1403 1969 et
1428 1948 1498 1968 non
1519 1948 1607 1969 esse.
1626 1937 1704 1968 Non
1723 1937 1817 1978 quod
1835 1937 1878 1968 de
1896 1937 1988 1968 facto
2005 1942 2162 1967 neutrum

696 1996 726 2028 ei
754 1995 949 2033 conveniat,
983 2006 1060 2027 cum
1093 1995 1160 2026 sint
1192 1994 1469 2033 contradictoria,
1499 1995 1561 2026 sed
1590 1995 1683 2036 quod
1716 2005 1786 2026 uon
1818 1994 1864 2025 ita
1888 1994 1931 2026 de
1957 2000 2077 2025 natura
2101 2003 2164 2024 sua

696 2054 900 2086 determinat
917 2053 981 2085 sibi
999 2064 1116 2091 unum,
1135 2053 1216 2094 quin
1235 2053 1345 2094 possit
1361 2053 1490 2085 habere
1507 2053 1650 2084 alterum
1666 2052 1686 2083 ⁶.
1703 2051 1861 2084 Essentia
1879 2051 1969 2083 enim
1987 2057 2164 2083 creaturae

696 2123 766 2143 non
796 2111 841 2143 ita
869 2111 1073 2143 determinat
1105 2110 1169 2142 sibi
1201 2121 1272 2142 non
1305 2121 1383 2142 esse
1418 2110 1561 2142 actualis
1595 2110 1794 2142 existentiae
1827 2109 1909 2151 quin
1941 2108 2051 2151 possit
2082 2108 2164 2140 illud

696 2169 850 2211 recipere
879 2170 922 2200 ab
951 2169 1018 2201 alio
1046 2168 1215 2207 effective,
1240 2179 1306 2200 nee
1330 2168 1380 2200 sic
1405 2168 1510 2199 habet
1538 2178 1615 2199 esse
1642 2169 1686 2199 ab
1714 2167 1781 2199 alio
1810 2167 1892 2209 quin
1920 2167 2075 2199 relictum
2100 2165 2165 2198 sibi

698 2228 837 2259 caderet
861 2227 895 2258 in
920 2237 991 2258 non
1016 2237 1104 2259 esse.
1404 2223 1410 2228 “

787 2284 954 2325 Quamvis
991 2286 994 2325 Ι
1031 2290 1145 2316 autem
1174 2283 1219 2315 ita
1248 2294 1309 2325 per
1336 2283 1599 2315 indifferentiam
1632 2294 1670 2315 se
1702 2284 1828 2315 habeat
1856 2283 1900 2314 ad
1928 2293 2006 2315 esse
2034 2287 2068 2314 et
2094 2292 2165 2314 non

698 2353 785 2381 esse,
811 2348 848 2374 ut
872 2342 1000 2374 dictum
1026 2348 1088 2380 est,
1114 2342 1207 2383 quod
1234 2351 1371 2383 semper
1395 2347 1532 2383 oportet
1559 2341 1668 2383 ipsam
1686 2340 1696 2357 ⁷
1720 2341 1764 2373 de
1792 2341 1884 2373 facto
1913 2340 2046 2372 realiter
2070 2339 2166 2371 alteri

698 2411 776 2432 esse
800 2400 1022 2432 coniunctam
1047 2406 1084 2431 ut
1108 2399 1243 2431 realiter
1267 2400 1310 2430 ab
1336 2405 1483 2440 utroque
1507 2409 1579 2430 non
1604 2398 1714 2440 possit
1731 2397 1893 2436 abstrahi,
1911 2404 2027 2430 tamen
2043 2407 2166 2429 secun-

698 2458 779 2489 dum
804 2457 929 2490 mentis
953 2463 1163 2499 conceptum
1188 2457 1264 2498 ipsa
1288 2456 1440 2488 essentia
1464 2463 1641 2488 creaturae
1665 2457 1755 2488 bene
1772 2466 1810 2488 se
1827 2456 1932 2488 habet
1956 2466 2018 2497 per
2033 2455 2166 2487 indiffe-

697 2515 841 2548 rentiam
866 2516 910 2547 ad
934 2525 1012 2547 esse
1037 2520 1070 2547 et
1094 2525 1165 2546 non
1190 2525 1278 2553 esse,
1302 2513 1338 2546 in
1361 2519 1526 2556 quantum
1548 2513 1686 2556 concipi
1703 2519 1818 2556 potest
1834 2514 1967 2555 absque
1991 2512 2166 2545 intellectu

789 2658 796 2672 ²
811 2657 847 2683 ab
867 2660 987 2683 aeterno
1007 2656 1105 2690 habet]
1125 2656 1214 2682 habet
1233 2657 1270 2682 ab
1290 2660 1410 2682 aeterno
1430 2656 1460 2682 P.
1481 2671 1514 2674 —
1534 2656 1544 2670 Ξ
1557 2655 1696 2690 loquendi
1716 2655 1746 2681 P.
1760 2671 1793 2674 -
1807 2655 1818 2670 ⁸
1833 2654 1941 2689 aliquid
1961 2654 2059 2688 etiam]
2079 2654 2167 2680 etiam

700 2699 808 2735 aliquid
821 2700 852 2726 P.
867 2715 899 2719 -
915 2701 924 2715 ⁴
939 2700 1043 2735 quibus
1056 2699 1086 2726 P.
1101 2715 1134 2718 —
1149 2700 1159 2714 ⁶
1172 2708 1205 2726 se
1219 2699 1249 2725 P.
1263 2715 1296 2719 -
1312 2700 1322 2715 ⁰
1334 2700 1422 2726 alium
1442 2699 1472 2725 P.
1486 2715 1520 2718 —
1535 2700 1544 2714 ⁷
1557 2699 1636 2725 illam
1649 2699 1680 2725 P.
