2493 3458
688 427 736 452 174
1050 424 1241 452 MAGISTRI
1270 424 1489 452 GODEFRIDI
1518 423 1569 452 DE
1598 423 1794 453 FONTIBUS

686 514 864 547 influentia
891 514 954 546 Dei
983 514 1035 546 vel
1061 515 1192 546 formae
1217 520 1250 546 et
1279 514 1420 547 aliorum
1451 514 1628 555 agentium
1654 519 1768 556 potest
1797 515 1940 547 omnino
1972 525 2044 547 non
2069 526 2157 548 esse.

686 572 749 605 His
775 571 856 604 visis
884 577 978 614 patet
1004 571 1172 604 habitudo
1208 571 1316 614 ipsius
1351 572 1523 604 essentiae
1552 572 1596 603 ad
1625 582 1702 604 esse
1731 572 1811 614 quia
1844 572 1877 604 in
1906 572 2001 604 nullo
2025 573 2160 606 realiter

687 630 848 662 differunt
867 629 883 660 ¹.

775 744 856 784 Quo
885 743 959 776 viso
989 743 1071 777 satis
1107 743 1252 776 faciliter
1289 750 1382 786 patet
1420 743 1545 776 solutio
1578 744 1792 785 quaestionis
1821 744 2040 786 praemissae.
2071 744 2159 777 Cum

686 802 776 836 enim
813 802 987 843 quaeritur
1023 802 1162 834 utrum²
1197 807 1354 834 creatura
1385 813 1464 844 ‘non
1503 801 1654 834 existens
1687 802 1798 844 possit
1835 802 1902 834 dici
1946 813 2009 835 ens
2042 813 2159 835 verum

685 861 775 892 reale
801 859 933 892 ratione
958 870 1042 892 suae
1067 859 1250 899 essentiae,
1277 860 1462 892 dicendum
1489 866 1540 892 est
1565 860 1659 902 quod
1684 859 1711 891 si
1737 860 1889 892 essentia
1915 866 2007 894 esset
2031 860 2160 902 aliquid

686 917 820 950 realiter
868 917 960 950 aliud
1011 918 1054 949 ab
1107 928 1195 955 esse,
1235 924 1318 949 tunc
1369 917 1561 949 secundum
1612 923 1786 959 ponentes
1840 918 2026 957 materiam,
2071 929 2160 960 quae

685 976 813 1008 nullam
838 975 1069 1008 actualitatem
1099 975 1268 1017 importat,
1297 986 1403 1017 posse
1423 986 1501 1008 esse
1526 975 1600 1007 sine
1625 975 1718 1008 omni
1747 975 1866 1014 forma,
1895 975 2017 1008 melius
2043 984 2160 1018 posset

686 1033 770 1075 poni
805 1033 956 1066 essentia
988 1039 1167 1066 creaturae
1203 1044 1309 1075 posse
1345 1044 1485 1065 manere
1522 1038 1555 1065 et
1587 1044 1665 1065 esse
1696 1033 1729 1065 in
1770 1044 1883 1066 rerum
1923 1039 2046 1066 natura
2085 1033 2159 1067 sine

686 1091 779 1125 omni
805 1091 861 1124 tali
887 1102 975 1130 esse,
1001 1102 1079 1123 cum
1103 1091 1146 1123 de
1174 1101 1212 1123 se
1237 1090 1385 1132 aliquam
1411 1090 1643 1123 actualitatem
1669 1090 1869 1133 simpliciter
1893 1091 2063 1133 importet,
2089 1102 2159 1123 non

687 1149 736 1183 sic
761 1154 875 1182 autem
901 1149 1051 1181 materia.
1081 1149 1118 1181 Si
1143 1148 1244 1181 etiarn
1274 1148 1366 1180 dicat
1390 1148 1622 1181 actualitatem
1637 1148 1657 1187 ³,
1683 1159 1754 1180 non
1779 1154 1894 1181 tamen
1919 1155 2048 1181 tantam
2067 1149 2161 1190 quod

686 1207 879 1240 secundum
909 1207 998 1239 illam
1034 1207 1144 1248 possit
1181 1217 1259 1239 esse
1296 1206 1328 1238 in
1367 1217 1479 1238 rerum
1515 1212 1637 1238 natura
1674 1206 1749 1238 sine
1792 1206 1908 1248 aliquo
1939 1206 2004 1239 sibi
2043 1206 2161 1239 addito

687 1266 781 1307 quod
820 1265 944 1298 dicitur
979 1275 1056 1297 esse
1089 1264 1303 1302 existentiae,
1333 1275 1403 1296 non
1433 1263 1568 1297 videtur
1596 1264 1655 1305 [in]
1685 1264 1786 1296 dictis
1814 1264 1848 1296 in
1877 1264 2051 1306 positione
2079 1274 2162 1298 con-

687 1324 842 1362 cordare,
882 1322 1046 1364 quoniam
1087 1328 1145 1354 aut
1185 1333 1414 1364 unaquaeque
1455 1321 1605 1354 essentia
1645 1327 1697 1354 est
1736 1321 1962 1354 determinata
2001 1322 2045 1354 ad
2084 1333 2162 1355 esse

687 1381 828 1423 aliquod
853 1386 911 1413 aut
935 1391 1016 1412 non.
1044 1379 1080 1413 Si
1105 1379 1165 1418 sic,
1191 1386 1273 1412 tunc
1299 1390 1368 1411 non
1395 1386 1447 1412 est
1476 1390 1594 1412 verum
1620 1380 1715 1422 quod
1740 1379 1864 1412 dicitur
1891 1380 1985 1422 quod
2010 1379 2163 1412 essentia

686 1444 802 1482 potest
830 1438 973 1481 intelligi
1002 1449 1073 1471 non
1101 1438 1213 1471 solum
1242 1438 1317 1470 sine
1346 1448 1423 1470 esse
1452 1437 1561 1480 ipsius
1589 1438 1651 1470 sed
1681 1438 1746 1470 sub
1771 1438 1846 1470 eius
1871 1437 2056 1480 opposito;
2082 1437 2162 1480 quia

687 1497 778 1531 enim
806 1496 896 1539 ignis
925 1495 1173 1529 determinatus
1203 1501 1255 1528 est
1289 1495 1332 1527 ad
1356 1495 1461 1528 esse⁴
1489 1495 1650 1534 calidum,
1676 1506 1745 1528 non
1774 1500 1890 1538 potest
1915 1495 2057 1539 intelligi
2085 1505 2162 1529 esse

685 1566 756 1588 non
784 1554 928 1593 calidus,
957 1553 1063 1586 licet⁶
1097 1553 1207 1596 possit
1236 1553 1380 1596 intelligi
1411 1564 1482 1586 non
1516 1553 1649 1585 calidus
1674 1553 1846 1597 negative,
1879 1553 1913 1585 id
1946 1559 1998 1586 est
2029 1554 2162 1596 absque

686 1612 870 1646 caliditate.
899 1611 936 1645 Si
964 1622 1045 1651 non,
1072 1622 1157 1655 ergo
1198 1617 1314 1654 potest
1340 1611 1463 1644 variari
1491 1611 1535 1644 de
1564 1622 1634 1644 uno
1663 1622 1741 1644 esse
1770 1611 1815 1643 ad
1843 1611 1933 1644 illius
1961 1611 2161 1654 oppositum

685 1671 758 1704 sive
795 1671 840 1703 ad
877 1670 980 1709 aliud,
1009 1669 1098 1702 sicut
1129 1669 1299 1712 contingit
1336 1669 1380 1702 de
1419 1669 1561 1702 materia
1596 1675 1758 1711 respectu
1799 1669 1996 1702 formarum.
2032 1669 2074 1702 Et
2101 1669 2162 1708 sic,

684 1728 764 1762 licet
789 1728 941 1761 essentia
968 1738 1106 1769 semper
1131 1727 1174 1760 sit
1195 1728 1260 1760 sub
1283 1727 1398 1769 aliquo
1427 1738 1505 1760 esse
1533 1727 1622 1760 sicut
1650 1726 1792 1760 materia
1815 1727 1881 1760 sub
1906 1727 2018 1769 aliqua
2042 1727 2162 1766 forma,

686 1792 800 1829 potest
831 1792 946 1818 tamen
983 1785 1054 1818 fieri
1091 1786 1270 1818 successio
1307 1785 1452 1827 plurium
1493 1796 1571 1818 esse
1607 1785 1846 1827 oppositorum
1887 1785 1979 1818 circa
2015 1785 2161 1818 eandem

685 1844 880 1878 essentiam.
907 1844 949 1876 Et
973 1843 1136 1882 sic,sicut
1161 1854 1238 1875 cum
1264 1843 1356 1886 ignis
1380 1854 1451 1875 non
1477 1849 1530 1876 est
1553 1843 1747 1876 secundum
1772 1842 1876 1877 esse⁶
1899 1843 2043 1876 formale
2060 1842 2161 1886 ignis,

685 1908 800 1944 potest
824 1902 891 1935 dici
921 1912 998 1934 esse
1027 1901 1156 1942 aliquid
1180 1901 1374 1934 secundum
1400 1900 1475 1933 eius
1500 1911 1578 1934 esse
1603 1900 1777 1934 materiale
1793 1900 1804 1917 ⁷
1832 1911 1874 1934 eo
1899 1901 1995 1942 quod
2019 1900 2162 1933 materia

685 1966 800 1993 manet
825 1961 890 1993 sub
915 1970 1005 2002 aqua
1030 1970 1119 2001 quae
1145 1970 1185 1992 ex
1211 1959 1287 2001 ipso
1312 1966 1479 2001 generata
1503 1964 1564 1997 est,
1591 1959 1636 1990 ita
1671 1969 1749 1991 cum
1784 1970 1840 1992 res
1874 1958 1988 2000 aliqua
2012 1969 2082 1992 non
2109 1964 2162 1992 est

684 2018 813 2060 aliquid
838 2018 1031 2051 seeundum
1043 2011 1123 2050 ‘eius
1149 2027 1228 2049 esse
1245 2016 1458 2055 existentiae,
1477 2022 1592 2058 potest
1610 2016 1678 2049 dici
1693 2027 1771 2050 esse
1789 2016 1918 2058 aliquid
1931 2016 1943 2033 ⁸
1966 2016 2160 2050 seeundum

685 2075 759 2109 eius
784 2086 862 2109 esse
888 2075 1061 2108 essentiae
1085 2074 1258 2107 manentis
1282 2075 1347 2107 sub
1373 2075 1440 2107 alio
1465 2085 1553 2108 esse.

773 2133 844 2167 Sed
869 2133 949 2176 quia
974 2133 1085 2176 inagis
1110 2132 1290 2175 probabile
1315 2138 1367 2165 est
1399 2132 1515 2165 dicere
1550 2132 1646 2174 quod
1671 2143 1743 2165 non
1775 2132 1889 2167 differt
1913 2132 2049 2165 realiter
2081 2141 2160 2166 esse

685 2197 719 2224 et
742 2191 903 2230 essentia,
942 2191 1022 2224 ideo
1054 2190 1242 2224 dicendum
1274 2191 1370 2232 quod
1401 2201 1437 2222 re
1469 2201 1541 2222 non
1574 2196 1654 2223 ente
1679 2190 1871 2224 secundum
1909 2200 1988 2223 esse
2013 2189 2161 2224 existen-

683 2250 762 2289 tiae,
798 2249 873 2291 ipsa
910 2249 994 2281 nihil
1027 2254 1079 2281 est
1115 2254 1195 2282 actu
1231 2248 1264 2281 in
1302 2258 1339 2280 se
1365 2248 1440 2290 ipsa
1477 2247 1602 2282 necin
1627 2248 1741 2290 aliqua
1776 2247 1930 2281 realitate
1966 2248 2160 2281 secundum

683 2318 762 2340 esse
795 2307 977 2346 essentiae,
1010 2306 1099 2339 sed⁹
1134 2306 1247 2339 solum
1281 2312 1332 2338 est
1365 2306 1552 2338 virtualiter
1580 2305 1614 2338 in
1653 2317 1717 2338 sua
1751 2316 1858 2338 eausa
1886 2311 1920 2338 et
1955 2311 2008 2338 est
2035 2315 2159 2338 secun-

683 2366 765 2397 dum
801 2366 870 2397 hoc
905 2364 1033 2406 aliquid
1069 2364 1263 2396 secundum
1299 2374 1377 2396 esse
1406 2363 1607 2396 essentiae⁹
1638 2369 1671 2396 et
1707 2363 1909 2396 existentiae
1934 2363 1968 2395 in
1993 2363 2160 2406 potentia,

683 2429 720 2455 ut
744 2433 882 2465 semper
906 2427 1073 2464 quantum
1098 2421 1270 2465 contingit
1298 2421 1399 2454 alicui
1425 2421 1468 2454 de
1495 2432 1573 2453 esse
1601 2421 1775 2453 essentiae
1793 2421 1817 2438 ¹⁰
1844 2421 1898 2453 vel
1928 2421 1971 2453 de
1996 2420 2158 2460 essentia,

682 2486 815 2514 tantum
848 2481 891 2513 de
923 2491 1001 2512 esse
1034 2479 1236 2512 existentiae
1270 2480 1323 2512 vel
1357 2479 1399 2511 de
1425 2478 1616 2512 existentia.
1650 2479 1730 2511 Non
1758 2478 1809 2511 sic
1834 2485 1948 2511 autern
1973 2478 2158 2525 chimaera,

772 2638 780 2652 ¹
800 2636 936 2663 differant
954 2636 988 2662 V.
1009 2652 1041 2655 —
1062 2636 1072 2651 ²
1086 2635 1233 2670 quaeritur
1253 2636 1357 2669 utrum]
1377 2644 1432 2661 om.
1453 2635 1484 2661 P.
1505 2650 1537 2653 —
1557 2635 1568 2650 ³
1580 2634 1752 2670 simpliciter
1771 2649 1804 2653 —-
1825 2634 2106 2668 actualitatemJ-om.
2125 2634 2158 2661 P.

682 2696 714 2699 —
736 2682 745 2695 ⁴
759 2689 794 2707 ea
807 2681 837 2708 P.
858 2697 891 2700 —
911 2682 921 2696 ⁵
934 2689 993 2707 uon
1012 2680 1080 2712 add.
1095 2680 1124 2706 P.
1145 2695 1178 2699 —
1193 2680 1203 2694 ⁸
1216 2688 1248 2705 se
1268 2679 1298 2706 P.
1312 2695 1345 2698 -
1362 2680 1370 2694 ⁷
1384 2678 1530 2709 essentiae
1544 2678 1574 2705 P.
1589 2694 1621 2698 -—
1637 2678 1647 2693 ⁸
1661 2686 1726 2711 esse
1741 2678 1860 2712 aliquid]
1877 2678 1986 2713 aliquid
2000 2678 2110 2712 essgP»
2124 2693 2158 2696 —

682 2726 692 2739 ⁰
705 2725 764 2756 sed*
777 2740 809 2743 —
830 2724 985 2758 essentiae]
1006 2733 1061 2749 om.
1081 2723 1111 2749 P.
1133 2739 1160 2742 -
1187 2724 1208 2738 ¹⁰
1221 2732 1274 2749 om.
1295 2723 1325 2749 P.
