<?xml version="1.0" encoding="UTF-8"?>
<!DOCTYPE html PUBLIC "-//W3C//DTD XHTML 1.0 Transitional//EN"
    "http://www.w3.org/TR/xhtml1/DTD/xhtml1-transitional.dtd">
<html xmlns="http://www.w3.org/1999/xhtml" xml:lang="en" lang="en">
 <head>
  <title>
</title>
<meta http-equiv="Content-Type" content="text/html;charset=utf-8" />
  <meta name='ocr-system' content='tesseract 3.04.00' />
  <meta name='ocr-capabilities' content='ocr_page ocr_carea ocr_par ocr_line ocrx_word'/>
</head>
<body>
  <div class='ocr_page' id='page_1' title='image "./lesquatrepremier00godf_0036.png"; bbox 0 0 2493 3458; ppageno 0'>
   <div class='ocr_carea' id='block_1_1' title="bbox 491 1118 652 1181">
    <p class='ocr_par' dir='ltr' id='par_1_1' title="bbox 491 1118 652 1181">
     <span class='ocr_line' id='line_1_1' title="bbox 520 1118 619 1144; baseline 0 0"><span class='ocrx_word' id='word_1_1' title='bbox 520 1118 584 1144; x_wconf 86' lang='lat' dir='ltr'>cod.</span> <span class='ocrx_word' id='word_1_2' title='bbox 597 1119 619 1144; x_wconf 82' lang='lat' dir='ltr'>P</span> 
     </span>
     <span class='ocr_line' id='line_1_2' title="bbox 491 1153 652 1181; baseline 0 -1"><span class='ocrx_word' id='word_1_3' title='bbox 491 1153 539 1180; x_wconf 82' lang='lat' dir='ltr'>fol.</span> <span class='ocrx_word' id='word_1_4' title='bbox 552 1155 601 1181; x_wconf 81' lang='lat'>137</span> <span class='ocrx_word' id='word_1_5' title='bbox 613 1154 652 1180; x_wconf 78' lang='lat' dir='ltr'>Rb</span> 
     </span>
    </p>
   </div>
   <div class='ocr_carea' id='block_1_2' title="bbox 484 1387 653 1451">
    <p class='ocr_par' dir='ltr' id='par_1_2' title="bbox 484 1387 653 1451">
     <span class='ocr_line' id='line_1_3' title="bbox 519 1387 619 1415; baseline -0.03 0"><span class='ocrx_word' id='word_1_6' title='bbox 519 1388 583 1415; x_wconf 82' lang='lat' dir='ltr'>cod.</span> <span class='ocrx_word' id='word_1_7' title='bbox 596 1387 619 1412; x_wconf 75' lang='lat' dir='ltr'>V</span> 
     </span>
     <span class='ocr_line' id='line_1_4' title="bbox 484 1423 653 1451; baseline -0.018 0"><span class='ocrx_word' id='word_1_8' title='bbox 484 1425 532 1451; x_wconf 72' lang='lat' dir='ltr'>fol.</span> <span class='ocrx_word' id='word_1_9' title='bbox 547 1426 600 1450; x_wconf 71' lang='lat'>253</span> <span class='ocrx_word' id='word_1_10' title='bbox 614 1423 653 1448; x_wconf 72' lang='lat' dir='ltr'>Vn</span> 
     </span>
    </p>
   </div>
   <div class='ocr_carea' id='block_1_3' title="bbox 680 433 1780 468">
    <p class='ocr_par' dir='ltr' id='par_1_3' title="bbox 680 433 1780 468">
     <span class='ocr_line' id='line_1_5' title="bbox 680 433 1780 468; baseline -0.001 0"><span class='ocrx_word' id='word_1_11' title='bbox 680 444 709 468; x_wconf 81' lang='lat'>14</span> <span class='ocrx_word' id='word_1_12' title='bbox 1040 441 1227 468; x_wconf 80' lang='lat' dir='ltr'>MAGISTRI</span> <span class='ocrx_word' id='word_1_13' title='bbox 1258 441 1475 467; x_wconf 80' lang='lat' dir='ltr'>GODEFRIDI</span> <span class='ocrx_word' id='word_1_14' title='bbox 1505 441 1555 466; x_wconf 85' lang='lat' dir='ltr'>DE</span> <span class='ocrx_word' id='word_1_15' title='bbox 1575 433 1780 467; x_wconf 72' lang='lat' dir='ltr'><strong>&#39;FONTIBL&#39;S</strong></span> 
     </span>
    </p>
   </div>
   <div class='ocr_carea' id='block_1_4' title="bbox 675 529 2145 2647">
    <p class='ocr_par' dir='ltr' id='par_1_4' title="bbox 676 529 2144 1091">
     <span class='ocr_line' id='line_1_6' title="bbox 677 529 2143 572; baseline -0.001 -9"><span class='ocrx_word' id='word_1_16' title='bbox 677 531 821 563; x_wconf 86' lang='lat' dir='ltr'>alicuius</span> <span class='ocrx_word' id='word_1_17' title='bbox 842 532 875 563; x_wconf 91' lang='lat' dir='ltr'>in</span> <span class='ocrx_word' id='word_1_18' title='bbox 893 537 1058 572; x_wconf 86' lang='lat' dir='ltr'>quantum</span> <span class='ocrx_word' id='word_1_19' title='bbox 1078 531 1085 548; x_wconf 87' lang='lat'><strong>¹</strong></span> <span class='ocrx_word' id='word_1_20' title='bbox 1103 530 1254 562; x_wconf 82' lang='lat' dir='ltr'>infinitas</span> <span class='ocrx_word' id='word_1_21' title='bbox 1276 536 1327 562; x_wconf 79' lang='lat' dir='ltr'>est</span> <span class='ocrx_word' id='word_1_22' title='bbox 1353 530 1415 561; x_wconf 81' lang='lat' dir='ltr'>sibi</span> <span class='ocrx_word' id='word_1_23' title='bbox 1442 541 1587 567; x_wconf 81' lang='lat' dir='ltr'>annexa,</span> <span class='ocrx_word' id='word_1_24' title='bbox 1606 536 1638 561; x_wconf 72' lang='lat' dir='ltr'>et</span> <span class='ocrx_word' id='word_1_25' title='bbox 1656 536 1769 561; x_wconf 83' lang='lat' dir='ltr'>tamen</span> <span class='ocrx_word' id='word_1_26' title='bbox 1797 530 1849 561; x_wconf 83' lang='lat' dir='ltr'>illa</span> <span class='ocrx_word' id='word_1_27' title='bbox 1876 529 2018 561; x_wconf 73' lang='lat' dir='ltr'>scientia</span> <span class='ocrx_word' id='word_1_28' title='bbox 2045 530 2143 561; x_wconf 82' lang='lat' dir='ltr'>ratio-</span> 
     </span>
     <span class='ocr_line' id='line_1_7' title="bbox 677 587 2142 630; baseline -0.001 -10"><span class='ocrx_word' id='word_1_29' title='bbox 677 599 755 621; x_wconf 88' lang='lat' dir='ltr'>nem</span> <span class='ocrx_word' id='word_1_30' title='bbox 773 588 949 621; x_wconf 80' lang='lat' dir='ltr'>infinitatis</span> <span class='ocrx_word' id='word_1_31' title='bbox 967 599 1037 620; x_wconf 90' lang='lat' dir='ltr'>non</span> <span class='ocrx_word' id='word_1_32' title='bbox 1055 589 1303 630; x_wconf 70' lang='lat' dir='ltr'>apprehendat,</span> <span class='ocrx_word' id='word_1_33' title='bbox 1323 588 1367 619; x_wconf 88' lang='lat' dir='ltr'>ita</span> <span class='ocrx_word' id='word_1_34' title='bbox 1385 588 1476 629; x_wconf 79' lang='lat' dir='ltr'>quod</span> <span class='ocrx_word' id='word_1_35' title='bbox 1496 588 1606 619; x_wconf 73' lang='lat' dir='ltr'>solum</span> <span class='ocrx_word' id='word_1_36' title='bbox 1625 588 1864 629; x_wconf 80' lang='lat' dir='ltr'>apprehendat</span> <span class='ocrx_word' id='word_1_37' title='bbox 1881 588 1973 629; x_wconf 83' lang='lat' dir='ltr'>quod</span> <span class='ocrx_word' id='word_1_38' title='bbox 1992 587 2142 619; x_wconf 85' lang='lat' dir='ltr'>infinitas</span> 
     </span>
     <span class='ocr_line' id='line_1_8' title="bbox 677 644 2143 688; baseline -0.001 -10"><span class='ocrx_word' id='word_1_39' title='bbox 677 652 730 678; x_wconf 87' lang='lat' dir='ltr'>est</span> <span class='ocrx_word' id='word_1_40' title='bbox 762 646 794 678; x_wconf 89' lang='lat' dir='ltr'>in</span> <span class='ocrx_word' id='word_1_41' title='bbox 828 647 915 684; x_wconf 90' lang='lat' dir='ltr'>Deo,</span> <span class='ocrx_word' id='word_1_42' title='bbox 948 647 1008 678; x_wconf 76' lang='lat' dir='ltr'>sed</span> <span class='ocrx_word' id='word_1_43' title='bbox 1041 645 1151 687; x_wconf 72' lang='lat' dir='ltr'>qualis</span> <span class='ocrx_word' id='word_1_44' title='bbox 1184 652 1235 677; x_wconf 82' lang='lat' dir='ltr'>est</span> <span class='ocrx_word' id='word_1_45' title='bbox 1268 656 1337 676; x_wconf 85' lang='lat' dir='ltr'>non</span> <span class='ocrx_word' id='word_1_46' title='bbox 1372 650 1573 688; x_wconf 75' lang='lat' dir='ltr'>cognoscat.</span> <span class='ocrx_word' id='word_1_47' title='bbox 1604 644 1663 677; x_wconf 71' lang='lat' dir='ltr'>sic</span> <span class='ocrx_word' id='word_1_48' title='bbox 1692 645 1780 677; x_wconf 88' lang='lat' dir='ltr'>enim</span> <span class='ocrx_word' id='word_1_49' title='bbox 1812 656 1879 676; x_wconf 86' lang='lat' dir='ltr'>non</span> <span class='ocrx_word' id='word_1_50' title='bbox 1911 651 2143 687; x_wconf 73' lang='lat' dir='ltr'>cognosceret</span> 
     </span>
     <span class='ocr_line' id='line_1_9' title="bbox 677 702 2141 744; baseline -0.002 -8"><span class='ocrx_word' id='word_1_51' title='bbox 677 703 878 736; x_wconf 86' lang='lat' dir='ltr'>infinitatem</span> <span class='ocrx_word' id='word_1_52' title='bbox 910 703 983 743; x_wconf 85' lang='lat' dir='ltr'>Dei,</span> <span class='ocrx_word' id='word_1_53' title='bbox 1016 714 1082 735; x_wconf 91' lang='lat' dir='ltr'>nec</span> <span class='ocrx_word' id='word_1_54' title='bbox 1114 709 1150 734; x_wconf 90' lang='lat' dir='ltr'>ut</span> <span class='ocrx_word' id='word_1_55' title='bbox 1182 703 1348 734; x_wconf 86' lang='lat' dir='ltr'>rationem</span> <span class='ocrx_word' id='word_1_56' title='bbox 1383 702 1606 744; x_wconf 80' lang='lat' dir='ltr'>principalem</span> <span class='ocrx_word' id='word_1_57' title='bbox 1639 702 1776 739; x_wconf 77' lang='lat' dir='ltr'>obiecti,</span> <span class='ocrx_word' id='word_1_58' title='bbox 1810 713 1874 734; x_wconf 78' lang='lat' dir='ltr'>nec</span> <span class='ocrx_word' id='word_1_59' title='bbox 1907 708 1942 734; x_wconf 94' lang='lat' dir='ltr'>ut</span> <span class='ocrx_word' id='word_1_60' title='bbox 1975 702 2141 734; x_wconf 87' lang='lat' dir='ltr'>rationem</span> 
     </span>
     <span class='ocr_line' id='line_1_10' title="bbox 677 759 2142 801; baseline -0.002 -8"><span class='ocrx_word' id='word_1_61' title='bbox 677 772 845 794; x_wconf 82' lang='lat' dir='ltr'>annexam</span> <span class='ocrx_word' id='word_1_62' title='bbox 865 761 918 800; x_wconf 86' lang='lat' dir='ltr'>illi,</span> <span class='ocrx_word' id='word_1_63' title='bbox 937 761 998 793; x_wconf 85' lang='lat' dir='ltr'>sed</span> <span class='ocrx_word' id='word_1_64' title='bbox 1016 766 1147 792; x_wconf 88' lang='lat' dir='ltr'>tantum</span> <span class='ocrx_word' id='word_1_65' title='bbox 1167 760 1269 792; x_wconf 75' lang='lat' dir='ltr'>sciret</span> <span class='ocrx_word' id='word_1_66' title='bbox 1287 761 1379 801; x_wconf 91' lang='lat' dir='ltr'>quod</span> <span class='ocrx_word' id='word_1_67' title='bbox 1399 766 1449 792; x_wconf 83' lang='lat' dir='ltr'>est</span> <span class='ocrx_word' id='word_1_68' title='bbox 1467 760 1530 791; x_wconf 77' lang='lat' dir='ltr'>sibi</span> <span class='ocrx_word' id='word_1_69' title='bbox 1549 771 1723 791; x_wconf 87' lang='lat' dir='ltr'>annexum</span> <span class='ocrx_word' id='word_1_70' title='bbox 1742 766 1774 791; x_wconf 80' lang='lat' dir='ltr'>et</span> <span class='ocrx_word' id='word_1_71' title='bbox 1792 760 1873 801; x_wconf 78' lang='lat' dir='ltr'>quid</span> <span class='ocrx_word' id='word_1_72' title='bbox 1892 759 1933 791; x_wconf 68' lang='lat' dir='ltr'>sit</span> <span class='ocrx_word' id='word_1_73' title='bbox 1952 759 2142 800; x_wconf 76' lang='lat' dir='ltr'>ignoraret3</span> 
     </span>
     <span class='ocr_line' id='line_1_11' title="bbox 677 817 2144 861; baseline -0.002 -10"><span class='ocrx_word' id='word_1_74' title='bbox 677 819 769 861; x_wconf 88' lang='lat' dir='ltr'>quod</span> <span class='ocrx_word' id='word_1_75' title='bbox 795 825 846 851; x_wconf 80' lang='lat' dir='ltr'>est</span> <span class='ocrx_word' id='word_1_76' title='bbox 871 818 1121 851; x_wconf 80' lang='lat' dir='ltr'>inconveniens</span> <span class='ocrx_word' id='word_1_77' title='bbox 1146 828 1234 857; x_wconf 73' lang='lat' dir='ltr'>cum,</span> <span class='ocrx_word' id='word_1_78' title='bbox 1260 823 1296 849; x_wconf 90' lang='lat' dir='ltr'>ut</span> <span class='ocrx_word' id='word_1_79' title='bbox 1321 818 1448 850; x_wconf 88' lang='lat' dir='ltr'>dictum</span> <span class='ocrx_word' id='word_1_80' title='bbox 1467 824 1529 855; x_wconf 77' lang='lat' dir='ltr'>est,</span> <span class='ocrx_word' id='word_1_81' title='bbox 1549 817 1623 859; x_wconf 80' lang='lat' dir='ltr'>ipse</span> <span class='ocrx_word' id='word_1_82' title='bbox 1643 818 1736 849; x_wconf 71' lang='lat' dir='ltr'>Deus</span> <span class='ocrx_word' id='word_1_83' title='bbox 1756 828 1825 848; x_wconf 83' lang='lat' dir='ltr'>non</span> <span class='ocrx_word' id='word_1_84' title='bbox 1848 817 1890 848; x_wconf 76' lang='lat' dir='ltr'>sit</span> <span class='ocrx_word' id='word_1_85' title='bbox 1909 817 1972 848; x_wconf 78' lang='lat' dir='ltr'>nisi</span> <span class='ocrx_word' id='word_1_86' title='bbox 1993 817 2144 848; x_wconf 77' lang='lat' dir='ltr'>infinitas</span> 
     </span>
     <span class='ocr_line' id='line_1_12' title="bbox 677 875 2143 918; baseline -0.001 -10"><span class='ocrx_word' id='word_1_87' title='bbox 677 877 857 918; x_wconf 84' lang='lat' dir='ltr'>quaedam,</span> <span class='ocrx_word' id='word_1_88' title='bbox 876 886 941 908; x_wconf 89' lang='lat' dir='ltr'>nec</span> <span class='ocrx_word' id='word_1_89' title='bbox 966 876 1116 907; x_wconf 83' lang='lat' dir='ltr'>infinitas</span> <span class='ocrx_word' id='word_1_90' title='bbox 1134 886 1238 917; x_wconf 79' lang='lat' dir='ltr'>super</span> <span class='ocrx_word' id='word_1_91' title='bbox 1255 875 1440 907; x_wconf 75' lang='lat' dir='ltr'>essentiam</span> <span class='ocrx_word' id='word_1_92' title='bbox 1459 875 1608 906; x_wconf 77' lang='lat' dir='ltr'>divinam</span> <span class='ocrx_word' id='word_1_93' title='bbox 1628 875 1754 916; x_wconf 83' lang='lat' dir='ltr'>aliquid</span> <span class='ocrx_word' id='word_1_94' title='bbox 1773 875 1863 906; x_wconf 82' lang='lat' dir='ltr'>reale</span> <span class='ocrx_word' id='word_1_95' title='bbox 1882 875 1995 906; x_wconf 79' lang='lat' dir='ltr'>addat.</span> <span class='ocrx_word' id='word_1_96' title='bbox 2016 875 2143 916; x_wconf 84' lang='lat' dir='ltr'>hnpos-</span> 
     </span>
     <span class='ocr_line' id='line_1_13' title="bbox 676 932 2143 975; baseline -0.001 -10"><span class='ocrx_word' id='word_1_97' title='bbox 676 934 774 966; x_wconf 83' lang='lat' dir='ltr'>sibile</span> <span class='ocrx_word' id='word_1_98' title='bbox 792 940 844 966; x_wconf 75' lang='lat' dir='ltr'>est</span> <span class='ocrx_word' id='word_1_99' title='bbox 861 934 954 975; x_wconf 84' lang='lat' dir='ltr'>quod</span> <span class='ocrx_word' id='word_1_100' title='bbox 974 933 1095 965; x_wconf 80' lang='lat' dir='ltr'>videns</span> <span class='ocrx_word' id='word_1_101' title='bbox 1114 944 1184 964; x_wconf 87' lang='lat' dir='ltr'>non</span> <span class='ocrx_word' id='word_1_102' title='bbox 1203 933 1315 964; x_wconf 79' lang='lat' dir='ltr'>solum</span> <span class='ocrx_word' id='word_1_103' title='bbox 1334 934 1426 974; x_wconf 88' lang='lat' dir='ltr'>quod</span> <span class='ocrx_word' id='word_1_104' title='bbox 1447 933 1541 964; x_wconf 74' lang='lat' dir='ltr'>Deus</span> <span class='ocrx_word' id='word_1_105' title='bbox 1561 939 1620 969; x_wconf 74' lang='lat' dir='ltr'>est,</span> <span class='ocrx_word' id='word_1_106' title='bbox 1640 933 1700 964; x_wconf 82' lang='lat' dir='ltr'>sed</span> <span class='ocrx_word' id='word_1_107' title='bbox 1724 932 1824 964; x_wconf 88' lang='lat' dir='ltr'>etiam</span> <span class='ocrx_word' id='word_1_108' title='bbox 1851 932 1932 974; x_wconf 86' lang='lat' dir='ltr'>quid</span> <span class='ocrx_word' id='word_1_109' title='bbox 1959 938 2011 963; x_wconf 81' lang='lat' dir='ltr'>est</span> <span class='ocrx_word' id='word_1_110' title='bbox 2037 933 2143 970; x_wconf 84' lang='lat' dir='ltr'>Deus,</span> 
     </span>
     <span class='ocr_line' id='line_1_14' title="bbox 676 989 2143 1033; baseline -0.003 -9"><span class='ocrx_word' id='word_1_111' title='bbox 676 997 709 1024; x_wconf 91' lang='lat' dir='ltr'>et</span> <span class='ocrx_word' id='word_1_112' title='bbox 733 991 844 1033; x_wconf 76' lang='lat' dir='ltr'>qualis</span> <span class='ocrx_word' id='word_1_113' title='bbox 869 997 931 1030; x_wconf 83' lang='lat' dir='ltr'>est,</span> <span class='ocrx_word' id='word_1_114' title='bbox 957 1002 1026 1023; x_wconf 92' lang='lat' dir='ltr'>non</span> <span class='ocrx_word' id='word_1_115' title='bbox 1053 991 1166 1022; x_wconf 86' lang='lat' dir='ltr'>videat</span> <span class='ocrx_word' id='word_1_116' title='bbox 1192 990 1292 1022; x_wconf 90' lang='lat' dir='ltr'>etiam</span> <span class='ocrx_word' id='word_1_117' title='bbox 1319 1001 1388 1022; x_wconf 92' lang='lat' dir='ltr'>non</span> <span class='ocrx_word' id='word_1_118' title='bbox 1407 991 1517 1021; x_wconf 85' lang='lat' dir='ltr'>solum</span> <span class='ocrx_word' id='word_1_119' title='bbox 1544 990 1637 1031; x_wconf 75' lang='lat' dir='ltr'>quod</span> <span class='ocrx_word' id='word_1_120' title='bbox 1658 990 1689 1021; x_wconf 90' lang='lat' dir='ltr'>in</span> <span class='ocrx_word' id='word_1_121' title='bbox 1718 990 1792 1021; x_wconf 81' lang='lat' dir='ltr'>Deo</span> <span class='ocrx_word' id='word_1_122' title='bbox 1818 997 1869 1021; x_wconf 72' lang='lat' dir='ltr'>est</span> <span class='ocrx_word' id='word_1_123' title='bbox 1895 989 2054 1026; x_wconf 70' lang='lat' dir='ltr'>infinitas,</span> <span class='ocrx_word' id='word_1_124' title='bbox 2082 990 2143 1021; x_wconf 67' lang='lat' dir='ltr'>sed</span> 
     </span>
     <span class='ocr_line' id='line_1_15' title="bbox 676 1047 1335 1091; baseline -0.005 -10"><span class='ocrx_word' id='word_1_125' title='bbox 676 1049 758 1091; x_wconf 92' lang='lat' dir='ltr'>quid</span> <span class='ocrx_word' id='word_1_126' title='bbox 776 1054 837 1088; x_wconf 75' lang='lat' dir='ltr'>est,</span> <span class='ocrx_word' id='word_1_127' title='bbox 856 1055 889 1081; x_wconf 92' lang='lat' dir='ltr'>et</span> <span class='ocrx_word' id='word_1_128' title='bbox 906 1048 1016 1090; x_wconf 82' lang='lat' dir='ltr'>qualis</span> <span class='ocrx_word' id='word_1_129' title='bbox 1033 1054 1085 1080; x_wconf 79' lang='lat' dir='ltr'>est</span> <span class='ocrx_word' id='word_1_130' title='bbox 1102 1048 1157 1079; x_wconf 92' lang='lat' dir='ltr'>illa</span> <span class='ocrx_word' id='word_1_131' title='bbox 1175 1047 1335 1079; x_wconf 76' lang='lat' dir='ltr'>infinitas.</span> 
     </span>
    </p>

    <p class='ocr_par' dir='ltr' id='par_1_5' title="bbox 675 1105 2145 2647">
     <span class='ocr_line' id='line_1_16' title="bbox 765 1105 2144 1146; baseline -0.001 -8"><span class='ocrx_word' id='word_1_132' title='bbox 765 1106 806 1138; x_wconf 81' lang='lat' dir='ltr'>Et</span> <span class='ocrx_word' id='word_1_133' title='bbox 834 1106 913 1138; x_wconf 91' lang='lat' dir='ltr'>ideo</span> <span class='ocrx_word' id='word_1_134' title='bbox 931 1106 1065 1138; x_wconf 88' lang='lat' dir='ltr'>videtur</span> <span class='ocrx_word' id='word_1_135' title='bbox 1082 1106 1266 1138; x_wconf 85' lang='lat' dir='ltr'>dicendum</span> <span class='ocrx_word' id='word_1_136' title='bbox 1285 1106 1377 1146; x_wconf 77' lang='lat' dir='ltr'>quod</span> <span class='ocrx_word' id='word_1_137' title='bbox 1397 1106 1492 1137; x_wconf 60' lang='lat' dir='ltr'>Deus·</span> <span class='ocrx_word' id='word_1_138' title='bbox 1518 1105 1716 1146; x_wconf 75' lang='lat' dir='ltr'>simpliciter</span> <span class='ocrx_word' id='word_1_139' title='bbox 1733 1112 1765 1136; x_wconf 83' lang='lat' dir='ltr'>et</span> <span class='ocrx_word' id='word_1_140' title='bbox 1783 1106 1943 1136; x_wconf 59' lang='lat' dir='ltr'>absolute</span> <span class='ocrx_word' id='word_1_141' title='bbox 1980 1120 1982 1129; x_wconf 58' lang='grc' dir='ltr'><em>ν</em></span> <span class='ocrx_word' id='word_1_142' title='bbox 2020 1106 2084 1136; x_wconf 75' lang='lat' dir='ltr'>suh</span> <span class='ocrx_word' id='word_1_143' title='bbox 2103 1116 2144 1136; x_wconf 87' lang='lat' dir='ltr'>ea</span> 
     </span>
     <span class='ocr_line' id='line_1_17' title="bbox 676 1162 2145 1205; baseline -0.001 -9"><span class='ocrx_word' id='word_1_144' title='bbox 676 1164 808 1196; x_wconf 88' lang='lat' dir='ltr'>ratione</span> <span class='ocrx_word' id='word_1_145' title='bbox 832 1164 985 1205; x_wconf 82' lang='lat' dir='ltr'>generali</span> <span class='ocrx_word' id='word_1_146' title='bbox 1003 1164 1067 1195; x_wconf 81' lang='lat' dir='ltr'>sul)</span> <span class='ocrx_word' id='word_1_147' title='bbox 1085 1174 1153 1205; x_wconf 84' lang='lat' dir='ltr'>qua</span> <span class='ocrx_word' id='word_1_148' title='bbox 1171 1163 1323 1195; x_wconf 86' lang='lat' dir='ltr'>omnium</span> <span class='ocrx_word' id='word_1_149' title='bbox 1343 1163 1670 1204; x_wconf 65' lang='lat' dir='ltr'>cognoscendorum</span> <span class='ocrx_word' id='word_1_150' title='bbox 1689 1174 1708 1193; x_wconf 81' lang='lat' dir='ltr'>a</span> <span class='ocrx_word' id='word_1_151' title='bbox 1727 1162 1817 1194; x_wconf 80' lang='lat' dir='ltr'>tideli</span> <span class='ocrx_word' id='word_1_152' title='bbox 1836 1163 1878 1193; x_wconf 85' lang='lat' dir='ltr'>ad</span> <span class='ocrx_word' id='word_1_153' title='bbox 1898 1163 2009 1203; x_wconf 71' lang='lat' dir='ltr'>ipsum</span> <span class='ocrx_word' id='word_1_154' title='bbox 2030 1168 2145 1204; x_wconf 69' lang='lat' dir='ltr'>potest</span> 
     </span>
     <span class='ocr_line' id='line_1_18' title="bbox 677 1220 2142 1261; baseline -0.002 -7"><span class='ocrx_word' id='word_1_155' title='bbox 677 1223 747 1255; x_wconf 84' lang='lat' dir='ltr'>fieri</span> <span class='ocrx_word' id='word_1_156' title='bbox 765 1221 950 1259; x_wconf 85' lang='lat' dir='ltr'>attributio,</span> <span class='ocrx_word' id='word_1_157' title='bbox 969 1221 1041 1253; x_wconf 76' lang='lat' dir='ltr'>sive</span> <span class='ocrx_word' id='word_1_158' title='bbox 1059 1221 1249 1253; x_wconf 82' lang='lat' dir='ltr'>secundum</span> <span class='ocrx_word' id='word_1_159' title='bbox 1269 1221 1362 1261; x_wconf 88' lang='lat' dir='ltr'>quod</span> <span class='ocrx_word' id='word_1_160' title='bbox 1381 1220 1608 1261; x_wconf 71' lang='lat' dir='ltr'>apprehendit</span> <span class='ocrx_word' id='word_1_161' title='bbox 1627 1231 1749 1251; x_wconf 70' lang='lat' dir='ltr'>omnes</span> <span class='ocrx_word' id='word_1_162' title='bbox 1776 1220 1925 1251; x_wconf 73' lang='lat' dir='ltr'>rationes</span> <span class='ocrx_word' id='word_1_163' title='bbox 1951 1220 2142 1251; x_wconf 70' lang='lat' dir='ltr'>secundum</span> 
     </span>
     <span class='ocr_line' id='line_1_19' title="bbox 676 1277 2144 1322; baseline -0.003 -10"><span class='ocrx_word' id='word_1_164' title='bbox 676 1291 762 1322; x_wconf 82' lang='lat' dir='ltr'>quas</span> <span class='ocrx_word' id='word_1_165' title='bbox 788 1285 903 1322; x_wconf 86' lang='lat' dir='ltr'>potest</span> <span class='ocrx_word' id='word_1_166' title='bbox 927 1278 1046 1310; x_wconf 88' lang='lat' dir='ltr'>haberi</span> <span class='ocrx_word' id='word_1_167' title='bbox 1071 1279 1114 1310; x_wconf 90' lang='lat' dir='ltr'>de</span> <span class='ocrx_word' id='word_1_168' title='bbox 1139 1278 1215 1320; x_wconf 77' lang='lat' dir='ltr'>ipso</span> <span class='ocrx_word' id='word_1_169' title='bbox 1240 1277 1394 1319; x_wconf 78' lang='lat' dir='ltr'>cognitio</span> <span class='ocrx_word' id='word_1_170' title='bbox 1421 1288 1439 1308; x_wconf 84' lang='lat' dir='ltr'>a</span> <span class='ocrx_word' id='word_1_171' title='bbox 1466 1277 1567 1313; x_wconf 79' lang='lat' dir='ltr'>lideli,</span> <span class='ocrx_word' id='word_1_172' title='bbox 1593 1278 1695 1309; x_wconf 78' lang='lat' dir='ltr'>dehet</span> <span class='ocrx_word' id='word_1_173' title='bbox 1721 1277 1787 1308; x_wconf 74' lang='lat' dir='ltr'>(lici</span> <span class='ocrx_word' id='word_1_174' title='bbox 1815 1278 2006 1309; x_wconf 70' lang='lat' dir='ltr'>subiectum</span> <span class='ocrx_word' id='word_1_175' title='bbox 2027 1277 2058 1308; x_wconf 91' lang='lat' dir='ltr'>in</span> <span class='ocrx_word' id='word_1_176' title='bbox 2079 1278 2144 1309; x_wconf 88' lang='lat' dir='ltr'>hac</span> 
     </span>
     <span class='ocr_line' id='line_1_20' title="bbox 676 1335 2144 1377; baseline -0.003 -7"><span class='ocrx_word' id='word_1_177' title='bbox 676 1338 839 1375; x_wconf 90' lang='lat' dir='ltr'>scientia;</span> <span class='ocrx_word' id='word_1_178' title='bbox 865 1337 953 1369; x_wconf 89' lang='lat' dir='ltr'>sicut</span> <span class='ocrx_word' id='word_1_179' title='bbox 978 1337 1079 1368; x_wconf 86' lang='lat' dir='ltr'>etiam</span> <span class='ocrx_word' id='word_1_180' title='bbox 1105 1346 1124 1367; x_wconf 89' lang='lat' dir='ltr'>a</span> <span class='ocrx_word' id='word_1_181' title='bbox 1150 1335 1360 1377; x_wconf 75' lang='lat' dir='ltr'>ponentibus</span> <span class='ocrx_word' id='word_1_182' title='bbox 1388 1336 1498 1366; x_wconf 82' lang='lat' dir='ltr'>Deum</span> <span class='ocrx_word' id='word_1_183' title='bbox 1524 1346 1601 1366; x_wconf 69' lang='lat' dir='ltr'>esse</span> <span class='ocrx_word' id='word_1_184' title='bbox 1627 1335 1820 1366; x_wconf 66' lang='lat' dir='ltr'>subiectum</span> <span class='ocrx_word' id='word_1_185' title='bbox 1848 1335 1879 1366; x_wconf 89' lang='lat' dir='ltr'>in</span> <span class='ocrx_word' id='word_1_186' title='bbox 1907 1335 2144 1376; x_wconf 71' lang='lat' dir='ltr'>metaphysica</span> 
     </span>
     <span class='ocr_line' id='line_1_21' title="bbox 677 1393 2144 1436; baseline -0.003 -8"><span class='ocrx_word' id='word_1_187' title='bbox 677 1395 800 1428; x_wconf 89' lang='lat' dir='ltr'>dicitur</span> <span class='ocrx_word' id='word_1_188' title='bbox 829 1402 833 1436; x_wconf 86' lang='grc'>1</span> <span class='ocrx_word' id='word_1_189' title='bbox 864 1394 957 1436; x_wconf 84' lang='lat' dir='ltr'>quod</span> <span class='ocrx_word' id='word_1_190' title='bbox 976 1405 1044 1425; x_wconf 90' lang='lat' dir='ltr'>non</span> <span class='ocrx_word' id='word_1_191' title='bbox 1071 1394 1136 1424; x_wconf 77' lang='lat' dir='ltr'>suh</span> <span class='ocrx_word' id='word_1_192' title='bbox 1162 1393 1294 1424; x_wconf 80' lang='lat' dir='ltr'>ratione</span> <span class='ocrx_word' id='word_1_193' title='bbox 1319 1393 1432 1433; x_wconf 76' lang='lat' dir='ltr'>aliqua</span> <span class='ocrx_word' id='word_1_194' title='bbox 1458 1393 1597 1434; x_wconf 65' lang='lat' dir='ltr'>speciali</span> <span class='ocrx_word' id='word_1_195' title='bbox 1625 1399 1675 1424; x_wconf 69' lang='lat' dir='ltr'>est</span> <span class='ocrx_word' id='word_1_196' title='bbox 1701 1393 1904 1431; x_wconf 61' lang='lat' dir='ltr'>subin-vtum,</span> <span class='ocrx_word' id='word_1_197' title='bbox 1931 1393 1991 1424; x_wconf 67' lang='lat' dir='ltr'>sed</span> <span class='ocrx_word' id='word_1_198' title='bbox 2019 1393 2144 1434; x_wconf 73' lang='lat' dir='ltr'>simpli-</span> 
     </span>
     <span class='ocr_line' id='line_1_22' title="bbox 676 1450 2144 1491; baseline -0.003 -5"><span class='ocrx_word' id='word_1_199' title='bbox 676 1453 761 1486; x_wconf 89' lang='lat' dir='ltr'>citer</span> <span class='ocrx_word' id='word_1_200' title='bbox 785 1460 817 1485; x_wconf 93' lang='lat' dir='ltr'>et</span> <span class='ocrx_word' id='word_1_201' title='bbox 842 1452 999 1484; x_wconf 82' lang='lat' dir='ltr'>absolute</span> <span class='ocrx_word' id='word_1_202' title='bbox 1024 1452 1088 1482; x_wconf 77' lang='lat' dir='ltr'>sul)</span> <span class='ocrx_word' id='word_1_203' title='bbox 1113 1462 1154 1482; x_wconf 85' lang='lat' dir='ltr'>ea</span> <span class='ocrx_word' id='word_1_204' title='bbox 1178 1451 1310 1482; x_wconf 84' lang='lat' dir='ltr'>ratione</span> <span class='ocrx_word' id='word_1_205' title='bbox 1336 1450 1488 1491; x_wconf 75' lang='lat' dir='ltr'>generali</span> <span class='ocrx_word' id='word_1_206' title='bbox 1516 1456 1547 1481; x_wconf 84' lang='lat' dir='ltr'>et</span> <span class='ocrx_word' id='word_1_207' title='bbox 1573 1451 1731 1481; x_wconf 70' lang='lat' dir='ltr'>absoluta</span> <span class='ocrx_word' id='word_1_208' title='bbox 1758 1451 1821 1481; x_wconf 79' lang='lat' dir='ltr'>suh</span> <span class='ocrx_word' id='word_1_209' title='bbox 1843 1461 1910 1491; x_wconf 69' lang='lat' dir='ltr'>qua</span> <span class='ocrx_word' id='word_1_210' title='bbox 1929 1461 2144 1490; x_wconf 68' lang='lat' dir='ltr'>cognoscen-</span> 
     </span>
     <span class='ocr_line' id='line_1_23' title="bbox 676 1507 2144 1549; baseline -0.001 -7"><span class='ocrx_word' id='word_1_211' title='bbox 676 1512 797 1543; x_wconf 89' lang='lat' dir='ltr'>dorum</span> <span class='ocrx_word' id='word_1_212' title='bbox 816 1510 968 1542; x_wconf 86' lang='lat' dir='ltr'>omnium</span> <span class='ocrx_word' id='word_1_213' title='bbox 995 1509 1139 1541; x_wconf 79' lang='lat' dir='ltr'>naturali</span> <span class='ocrx_word' id='word_1_214' title='bbox 1166 1508 1391 1548; x_wconf 65' lang='lat' dir='ltr'>intelligentia</span> <span class='ocrx_word' id='word_1_215' title='bbox 1417 1509 1459 1539; x_wconf 78' lang='lat' dir='ltr'>ad</span> <span class='ocrx_word' id='word_1_216' title='bbox 1487 1507 1597 1549; x_wconf 75' lang='lat' dir='ltr'>ipsum</span> <span class='ocrx_word' id='word_1_217' title='bbox 1625 1514 1739 1549; x_wconf 78' lang='lat' dir='ltr'>potest</span> <span class='ocrx_word' id='word_1_218' title='bbox 1765 1508 1834 1539; x_wconf 77' lang='lat' dir='ltr'>fieri</span> <span class='ocrx_word' id='word_1_219' title='bbox 1861 1508 2046 1541; x_wconf 78' lang='lat' dir='ltr'>attributio.</span> <span class='ocrx_word' id='word_1_220' title='bbox 2072 1508 2144 1540; x_wconf 73' lang='lat' dir='ltr'>sive</span> 
     </span>
     <span class='ocr_line' id='line_1_24' title="bbox 676 1565 2144 1608; baseline -0.002 -8"><span class='ocrx_word' id='word_1_221' title='bbox 676 1569 867 1600; x_wconf 86' lang='lat' dir='ltr'>secundum</span> <span class='ocrx_word' id='word_1_222' title='bbox 904 1567 998 1608; x_wconf 83' lang='lat' dir='ltr'>quod</span> <span class='ocrx_word' id='word_1_223' title='bbox 1036 1565 1299 1608; x_wconf 87' lang='lat' dir='ltr'>comprehendit</span> <span class='ocrx_word' id='word_1_224' title='bbox 1336 1576 1458 1597; x_wconf 78' lang='lat' dir='ltr'>omnes</span> <span class='ocrx_word' id='word_1_225' title='bbox 1492 1565 1642 1597; x_wconf 79' lang='lat' dir='ltr'>rationes</span> <span class='ocrx_word' id='word_1_226' title='bbox 1674 1565 1866 1597; x_wconf 80' lang='lat' dir='ltr'>secundum</span> <span class='ocrx_word' id='word_1_227' title='bbox 1911 1576 1997 1607; x_wconf 66' lang='lat' dir='ltr'>quas</span> <span class='ocrx_word' id='word_1_228' title='bbox 2031 1572 2144 1607; x_wconf 78' lang='lat' dir='ltr'>potest</span> 
     </span>
     <span class='ocr_line' id='line_1_25' title="bbox 675 1623 2144 1667; baseline -0.002 -9"><span class='ocrx_word' id='word_1_229' title='bbox 675 1626 793 1658; x_wconf 83' lang='lat' dir='ltr'>haberi</span> <span class='ocrx_word' id='word_1_230' title='bbox 814 1626 857 1657; x_wconf 88' lang='lat' dir='ltr'>de</span> <span class='ocrx_word' id='word_1_231' title='bbox 877 1625 954 1667; x_wconf 76' lang='lat' dir='ltr'>ipso</span> <span class='ocrx_word' id='word_1_232' title='bbox 980 1624 1134 1667; x_wconf 80' lang='lat' dir='ltr'>cognitio</span> <span class='ocrx_word' id='word_1_233' title='bbox 1160 1623 1331 1655; x_wconf 86' lang='lat' dir='ltr'>naturalis.</span> <span class='ocrx_word' id='word_1_234' title='bbox 1358 1623 1459 1655; x_wconf 85' lang='lat' dir='ltr'>Unde</span> <span class='ocrx_word' id='word_1_235' title='bbox 1485 1630 1516 1654; x_wconf 92' lang='lat' dir='ltr'>et</span> <span class='ocrx_word' id='word_1_236' title='bbox 1542 1623 1693 1655; x_wconf 74' lang='lat' dir='ltr'>similiter</span> <span class='ocrx_word' id='word_1_237' title='bbox 1718 1624 1909 1654; x_wconf 80' lang='lat' dir='ltr'>secundum</span> <span class='ocrx_word' id='word_1_238' title='bbox 1936 1624 2003 1654; x_wconf 78' lang='lat' dir='ltr'>ho(=</span> <span class='ocrx_word' id='word_1_239' title='bbox 2028 1623 2144 1655; x_wconf 88' lang='lat' dir='ltr'>dicen-</span> 
     </span>
     <span class='ocr_line' id='line_1_26' title="bbox 676 1680 2144 1725; baseline -0.002 -10"><span class='ocrx_word' id='word_1_240' title='bbox 676 1684 757 1715; x_wconf 85' lang='lat' dir='ltr'>dum</span> <span class='ocrx_word' id='word_1_241' title='bbox 790 1683 883 1725; x_wconf 86' lang='lat' dir='ltr'>quod</span> <span class='ocrx_word' id='word_1_242' title='bbox 913 1682 1105 1714; x_wconf 84' lang='lat' dir='ltr'>subiectum</span> <span class='ocrx_word' id='word_1_243' title='bbox 1135 1681 1300 1713; x_wconf 72' lang='lat' dir='ltr'>scientiae</span> <span class='ocrx_word' id='word_1_244' title='bbox 1328 1681 1536 1723; x_wconf 73' lang='lat' dir='ltr'>theologiae,</span> <span class='ocrx_word' id='word_1_245' title='bbox 1566 1680 1764 1722; x_wconf 76' lang='lat' dir='ltr'>simpliciter</span> <span class='ocrx_word' id='word_1_246' title='bbox 1792 1681 1969 1721; x_wconf 71' lang='lat' dir='ltr'>loquendo</span> <span class='ocrx_word' id='word_1_247' title='bbox 1998 1681 2040 1713; x_wconf 90' lang='lat' dir='ltr'>de</span> <span class='ocrx_word' id='word_1_248' title='bbox 2070 1681 2144 1722; x_wconf 88' lang='lat' dir='ltr'>ipsa</span> 
     </span>
     <span class='ocr_line' id='line_1_27' title="bbox 676 1738 2143 1781; baseline -0.003 -7"><span class='ocrx_word' id='word_1_249' title='bbox 676 1741 830 1780; x_wconf 84' lang='lat' dir='ltr'>scientia,</span> <span class='ocrx_word' id='word_1_250' title='bbox 859 1746 911 1773; x_wconf 88' lang='lat' dir='ltr'>est</span> <span class='ocrx_word' id='word_1_251' title='bbox 936 1741 1032 1772; x_wconf 80' lang='lat' dir='ltr'>Deus</span> <span class='ocrx_word' id='word_1_252' title='bbox 1057 1739 1256 1781; x_wconf 86' lang='lat' dir='ltr'>simpliciter</span> <span class='ocrx_word' id='word_1_253' title='bbox 1281 1739 1353 1770; x_wconf 81' lang='lat' dir='ltr'>sive</span> <span class='ocrx_word' id='word_1_254' title='bbox 1378 1740 1443 1770; x_wconf 80' lang='lat' dir='ltr'>sul)</span> <span class='ocrx_word' id='word_1_255' title='bbox 1460 1738 1470 1755; x_wconf 77' lang='lat'>²</span> <span class='ocrx_word' id='word_1_256' title='bbox 1495 1739 1652 1770; x_wconf 78' lang='lat' dir='ltr'>absoluta</span> <span class='ocrx_word' id='word_1_257' title='bbox 1679 1739 1820 1777; x_wconf 75' lang='lat' dir='ltr'>ratione,</span> <span class='ocrx_word' id='word_1_258' title='bbox 1848 1738 1878 1769; x_wconf 83' lang='lat' dir='ltr'>id</span> <span class='ocrx_word' id='word_1_259' title='bbox 1905 1746 1956 1770; x_wconf 68' lang='lat' dir='ltr'>est</span> <span class='ocrx_word' id='word_1_260' title='bbox 1982 1750 2051 1770; x_wconf 90' lang='lat' dir='ltr'>non</span> <span class='ocrx_word' id='word_1_261' title='bbox 2079 1739 2143 1770; x_wconf 85' lang='lat' dir='ltr'>sub</span> 
     </span>
     <span class='ocr_line' id='line_1_28' title="bbox 677 1796 2143 1840; baseline -0.003 -9"><span class='ocrx_word' id='word_1_262' title='bbox 677 1799 790 1840; x_wconf 83' lang='lat' dir='ltr'>aliqua</span> <span class='ocrx_word' id='word_1_263' title='bbox 808 1810 876 1830; x_wconf 87' lang='lat' dir='ltr'>una</span> <span class='ocrx_word' id='word_1_264' title='bbox 893 1797 1119 1830; x_wconf 83' lang='lat' dir='ltr'>determinata</span> <span class='ocrx_word' id='word_1_265' title='bbox 1137 1808 1198 1838; x_wconf 87' lang='lat' dir='ltr'>per</span> <span class='ocrx_word' id='word_1_266' title='bbox 1215 1807 1317 1838; x_wconf 77' lang='lat' dir='ltr'>quam</span> <span class='ocrx_word' id='word_1_267' title='bbox 1343 1796 1429 1828; x_wconf 86' lang='lat' dir='ltr'>aliae</span> <span class='ocrx_word' id='word_1_268' title='bbox 1454 1796 1690 1828; x_wconf 84' lang='lat' dir='ltr'>excludantur.</span> <span class='ocrx_word' id='word_1_269' title='bbox 1710 1798 1797 1827; x_wconf 71' lang='lat' dir='ltr'>Cum</span> <span class='ocrx_word' id='word_1_270' title='bbox 1817 1796 1906 1827; x_wconf 83' lang='lat' dir='ltr'>enim</span> <span class='ocrx_word' id='word_1_271' title='bbox 1929 1796 2007 1827; x_wconf 82' lang='lat' dir='ltr'>fidei</span> <span class='ocrx_word' id='word_1_272' title='bbox 2027 1796 2143 1839; x_wconf 84' lang='lat' dir='ltr'>aenig-</span> 
     </span>
     <span class='ocr_line' id='line_1_29' title="bbox 677 1853 2143 1895; baseline -0.002 -7"><span class='ocrx_word' id='word_1_273' title='bbox 677 1857 823 1889; x_wconf 84' lang='lat' dir='ltr'>maticae</span> <span class='ocrx_word' id='word_1_274' title='bbox 855 1856 1033 1894; x_wconf 83' lang='lat' dir='ltr'>viatorum,</span> <span class='ocrx_word' id='word_1_275' title='bbox 1063 1855 1160 1887; x_wconf 86' lang='lat' dir='ltr'>cuius</span> <span class='ocrx_word' id='word_1_276' title='bbox 1189 1854 1362 1887; x_wconf 85' lang='lat' dir='ltr'>obiectum</span> <span class='ocrx_word' id='word_1_277' title='bbox 1392 1860 1443 1885; x_wconf 80' lang='lat' dir='ltr'>est</span> <span class='ocrx_word' id='word_1_278' title='bbox 1474 1854 1578 1889; x_wconf 48' lang='lat' dir='ltr'>Deus</span> <span class='ocrx_word' id='word_1_279' title='bbox 1609 1854 1774 1885; x_wconf 73' lang='lat' dir='ltr'>succedat</span> <span class='ocrx_word' id='word_1_280' title='bbox 1803 1853 1890 1885; x_wconf 70' lang='lat' dir='ltr'>visio</span> <span class='ocrx_word' id='word_1_281' title='bbox 1919 1861 2037 1895; x_wconf 84' lang='lat' dir='ltr'>aperta</span> <span class='ocrx_word' id='word_1_282' title='bbox 2065 1855 2143 1885; x_wconf 84' lang='lat' dir='ltr'>hea-</span> 
     </span>
     <span class='ocr_line' id='line_1_30' title="bbox 677 1911 2143 1953; baseline -0.002 -7"><span class='ocrx_word' id='word_1_283' title='bbox 677 1920 788 1946; x_wconf 89' lang='lat' dir='ltr'>torum</span> <span class='ocrx_word' id='word_1_284' title='bbox 805 1925 811 1952; x_wconf 92' lang='grc'><strong>;</strong></span> <span class='ocrx_word' id='word_1_285' title='bbox 830 1925 900 1945; x_wconf 93' lang='lat' dir='ltr'>non</span> <span class='ocrx_word' id='word_1_286' title='bbox 925 1914 1030 1945; x_wconf 84' lang='lat' dir='ltr'>debet</span> <span class='ocrx_word' id='word_1_287' title='bbox 1054 1918 1168 1944; x_wconf 85' lang='lat' dir='ltr'>autem</span> <span class='ocrx_word' id='word_1_288' title='bbox 1194 1912 1260 1943; x_wconf 88' lang='lat' dir='ltr'>dici</span> <span class='ocrx_word' id='word_1_289' title='bbox 1287 1912 1380 1953; x_wconf 86' lang='lat' dir='ltr'>quod</span> <span class='ocrx_word' id='word_1_290' title='bbox 1407 1912 1502 1943; x_wconf 76' lang='lat' dir='ltr'>Deus</span> <span class='ocrx_word' id='word_1_291' title='bbox 1528 1912 1592 1942; x_wconf 80' lang='lat' dir='ltr'>sul)</span> <span class='ocrx_word' id='word_1_292' title='bbox 1618 1911 1730 1952; x_wconf 77' lang='lat' dir='ltr'>aliqua</span> <span class='ocrx_word' id='word_1_293' title='bbox 1757 1911 1986 1943; x_wconf 85' lang='lat' dir='ltr'>determinata</span> <span class='ocrx_word' id='word_1_294' title='bbox 2011 1911 2143 1943; x_wconf 88' lang='lat' dir='ltr'>ratione</span> 
     </span>
     <span class='ocr_line' id='line_1_31' title="bbox 676 1969 2143 2010; baseline -0.003 -6"><span class='ocrx_word' id='word_1_295' title='bbox 676 1972 833 2004; x_wconf 89' lang='lat' dir='ltr'>videatur</span> <span class='ocrx_word' id='word_1_296' title='bbox 849 1983 869 2003; x_wconf 94' lang='lat' dir='ltr'>a</span> <span class='ocrx_word' id='word_1_297' title='bbox 885 1971 1006 2010; x_wconf 85' lang='lat' dir='ltr'>beatis,</span> <span class='ocrx_word' id='word_1_298' title='bbox 1024 1971 1086 2002; x_wconf 90' lang='lat' dir='ltr'>sed</span> <span class='ocrx_word' id='word_1_299' title='bbox 1104 1970 1298 2002; x_wconf 84' lang='lat' dir='ltr'>secundum</span> <span class='ocrx_word' id='word_1_300' title='bbox 1323 1980 1360 2001; x_wconf 86' lang='lat' dir='ltr'>se</span> <span class='ocrx_word' id='word_1_301' title='bbox 1386 1975 1419 2001; x_wconf 91' lang='lat' dir='ltr'>et</span> <span class='ocrx_word' id='word_1_302' title='bbox 1444 1970 1611 2002; x_wconf 77' lang='lat' dir='ltr'>absolute.</span> <span class='ocrx_word' id='word_1_303' title='bbox 1638 1969 1710 2000; x_wconf 75' lang='lat' dir='ltr'>sive</span> <span class='ocrx_word' id='word_1_304' title='bbox 1736 1970 1800 2000; x_wconf 75' lang='lat' dir='ltr'>sul)</span> <span class='ocrx_word' id='word_1_305' title='bbox 1826 1969 1958 2001; x_wconf 87' lang='lat' dir='ltr'>ratione</span> <span class='ocrx_word' id='word_1_306' title='bbox 1984 1969 2143 2000; x_wconf 75' lang='lat' dir='ltr'>absoluta</span> 
     </span>
     <span class='ocr_line' id='line_1_32' title="bbox 676 2027 2144 2071; baseline -0.003 -9"><span class='ocrx_word' id='word_1_307' title='bbox 676 2030 711 2062; x_wconf 93' lang='lat' dir='ltr'>in</span> <span class='ocrx_word' id='word_1_308' title='bbox 736 2040 804 2071; x_wconf 90' lang='lat' dir='ltr'>qua</span> <span class='ocrx_word' id='word_1_309' title='bbox 828 2028 990 2071; x_wconf 85' lang='lat' dir='ltr'>implicite</span> <span class='ocrx_word' id='word_1_310' title='bbox 1015 2027 1237 2060; x_wconf 81' lang='lat' dir='ltr'>continentur</span> <span class='ocrx_word' id='word_1_311' title='bbox 1254 2038 1376 2059; x_wconf 86' lang='lat' dir='ltr'>omnes</span> <span class='ocrx_word' id='word_1_312' title='bbox 1394 2027 1544 2059; x_wconf 82' lang='lat' dir='ltr'>rationes</span> <span class='ocrx_word' id='word_1_313' title='bbox 1562 2027 1731 2068; x_wconf 75' lang='lat' dir='ltr'>speciales</span> <span class='ocrx_word' id='word_1_314' title='bbox 1750 2028 1814 2057; x_wconf 75' lang='lat' dir='ltr'>sub</span> <span class='ocrx_word' id='word_1_315' title='bbox 1832 2027 1958 2068; x_wconf 80' lang='lat' dir='ltr'>quibus</span> <span class='ocrx_word' id='word_1_316' title='bbox 1979 2027 2075 2058; x_wconf 86' lang='lat' dir='ltr'>Deus</span> <span class='ocrx_word' id='word_1_317' title='bbox 2093 2033 2144 2058; x_wconf 87' lang='lat' dir='ltr'>est</span> 
     </span>
     <span class='ocr_line' id='line_1_33' title="bbox 676 2084 2143 2130; baseline -0.003 -11"><span class='ocrx_word' id='word_1_318' title='bbox 676 2086 922 2130; x_wconf 82' lang='lat' dir='ltr'>cognoscibilis</span> <span class='ocrx_word' id='word_1_319' title='bbox 939 2086 973 2117; x_wconf 93' lang='lat' dir='ltr'>in</span> <span class='ocrx_word' id='word_1_320' title='bbox 991 2085 1118 2127; x_wconf 85' lang='lat' dir='ltr'>seipso,</span> <span class='ocrx_word' id='word_1_321' title='bbox 1137 2085 1315 2126; x_wconf 80' lang='lat' dir='ltr'>(quoniam</span> <span class='ocrx_word' id='word_1_322' title='bbox 1337 2084 1365 2115; x_wconf 89' lang='lat' dir='ltr'>si</span> <span class='ocrx_word' id='word_1_323' title='bbox 1390 2095 1461 2116; x_wconf 89' lang='lat' dir='ltr'>non</span> <span class='ocrx_word' id='word_1_324' title='bbox 1487 2091 1760 2127; x_wconf 68' lang='lat' dir='ltr'>cognosceretur</span> <span class='ocrx_word' id='word_1_325' title='bbox 1785 2085 1880 2116; x_wconf 73' lang='lat' dir='ltr'>Deus</span> <span class='ocrx_word' id='word_1_326' title='bbox 1905 2095 1924 2115; x_wconf 82' lang='lat' dir='ltr'>a</span> <span class='ocrx_word' id='word_1_327' title='bbox 1950 2085 2052 2116; x_wconf 81' lang='lat' dir='ltr'>heato</span> <span class='ocrx_word' id='word_1_328' title='bbox 2078 2084 2143 2116; x_wconf 79' lang='lat' dir='ltr'>nisi</span> 
     </span>
     <span class='ocr_line' id='line_1_34' title="bbox 676 2141 2142 2186; baseline -0.003 -9"><span class='ocrx_word' id='word_1_329' title='bbox 676 2147 741 2177; x_wconf 86' lang='lat' dir='ltr'>sub</span> <span class='ocrx_word' id='word_1_330' title='bbox 773 2144 886 2186; x_wconf 87' lang='lat' dir='ltr'>aliqua</span> <span class='ocrx_word' id='word_1_331' title='bbox 917 2143 1049 2176; x_wconf 87' lang='lat' dir='ltr'>ratione</span> <span class='ocrx_word' id='word_1_332' title='bbox 1081 2142 1307 2175; x_wconf 86' lang='lat' dir='ltr'>determinata</span> <span class='ocrx_word' id='word_1_333' title='bbox 1339 2149 1372 2174; x_wconf 91' lang='lat' dir='ltr'>et</span> <span class='ocrx_word' id='word_1_334' title='bbox 1407 2148 1599 2174; x_wconf 82' lang='lat' dir='ltr'>remaneret</span> <span class='ocrx_word' id='word_1_335' title='bbox 1631 2141 1829 2185; x_wconf 78' lang='lat' dir='ltr'>incognitus</span> <span class='ocrx_word' id='word_1_336' title='bbox 1865 2143 1929 2173; x_wconf 80' lang='lat' dir='ltr'>sub</span> <span class='ocrx_word' id='word_1_337' title='bbox 1963 2141 2038 2180; x_wconf 88' lang='lat' dir='ltr'>alia,</span> <span class='ocrx_word' id='word_1_338' title='bbox 2072 2152 2142 2173; x_wconf 85' lang='lat' dir='ltr'>non</span> 
     </span>
     <span class='ocr_line' id='line_1_35' title="bbox 677 2199 2142 2245; baseline -0.003 -11"><span class='ocrx_word' id='word_1_339' title='bbox 677 2209 795 2245; x_wconf 85' lang='lat' dir='ltr'>posset</span> <span class='ocrx_word' id='word_1_340' title='bbox 820 2202 1012 2234; x_wconf 91' lang='lat' dir='ltr'>intellectus</span> <span class='ocrx_word' id='word_1_341' title='bbox 1038 2201 1072 2232; x_wconf 92' lang='lat' dir='ltr'>in</span> <span class='ocrx_word' id='word_1_342' title='bbox 1095 2201 1164 2232; x_wconf 92' lang='lat' dir='ltr'>hoc</span> <span class='ocrx_word' id='word_1_343' title='bbox 1188 2199 1343 2241; x_wconf 79' lang='lat' dir='ltr'>quietari,</span> <span class='ocrx_word' id='word_1_344' title='bbox 1362 2200 1455 2241; x_wconf 90' lang='lat' dir='ltr'>quod</span> <span class='ocrx_word' id='word_1_345' title='bbox 1481 2205 1533 2231; x_wconf 85' lang='lat' dir='ltr'>est</span> <span class='ocrx_word' id='word_1_346' title='bbox 1557 2206 1679 2231; x_wconf 87' lang='lat' dir='ltr'>contra</span> <span class='ocrx_word' id='word_1_347' title='bbox 1696 2199 1865 2231; x_wconf 87' lang='lat' dir='ltr'>rationem</span> <span class='ocrx_word' id='word_1_348' title='bbox 1884 2199 2142 2239; x_wconf 76' lang='lat' dir='ltr'>l›eatitudinis):</span> 
     </span>
     <span class='ocr_line' id='line_1_36' title="bbox 676 2257 2143 2299; baseline -0.003 -7"><span class='ocrx_word' id='word_1_349' title='bbox 676 2260 780 2292; x_wconf 90' lang='lat' dir='ltr'>immo</span> <span class='ocrx_word' id='word_1_350' title='bbox 809 2270 886 2292; x_wconf 90' lang='lat' dir='ltr'>cum</span> <span class='ocrx_word' id='word_1_351' title='bbox 916 2269 1037 2291; x_wconf 89' lang='lat' dir='ltr'>omnes</span> <span class='ocrx_word' id='word_1_352' title='bbox 1065 2257 1264 2290; x_wconf 89' lang='lat' dir='ltr'>huiusmodi</span> <span class='ocrx_word' id='word_1_353' title='bbox 1293 2257 1443 2289; x_wconf 78' lang='lat' dir='ltr'>rationes</span> <span class='ocrx_word' id='word_1_354' title='bbox 1472 2258 1536 2288; x_wconf 85' lang='lat' dir='ltr'>sub</span> <span class='ocrx_word' id='word_1_355' title='bbox 1565 2257 1691 2298; x_wconf 81' lang='lat' dir='ltr'>quihus</span> <span class='ocrx_word' id='word_1_356' title='bbox 1720 2257 1816 2288; x_wconf 90' lang='lat' dir='ltr'>Deus</span> <span class='ocrx_word' id='word_1_357' title='bbox 1846 2257 1970 2288; x_wconf 87' lang='lat' dir='ltr'>dicitur</span> <span class='ocrx_word' id='word_1_358' title='bbox 1993 2267 2143 2299; x_wconf 85' lang='lat' dir='ltr'>cognos-</span> 
     </span>
     <span class='ocr_line' id='line_1_37' title="bbox 676 2308 2143 2360; baseline -0.003 -11"><span class='ocrx_word' id='word_1_359' title='bbox 676 2317 785 2350; x_wconf 88' lang='lat' dir='ltr'>cibilis</span> <span class='ocrx_word' id='word_1_360' title='bbox 802 2316 1035 2360; x_wconf 87' lang='lat' dir='ltr'>intelligantur</span> <span class='ocrx_word' id='word_1_361' title='bbox 1051 2322 1088 2347; x_wconf 91' lang='lat' dir='ltr'>ut</span> <span class='ocrx_word' id='word_1_362' title='bbox 1112 2315 1283 2357; x_wconf 85' lang='lat' dir='ltr'>quaedam</span> <span class='ocrx_word' id='word_1_363' title='bbox 1308 2308 1542 2356; x_wconf 82' lang='lat' dir='ltr'>perfectiones</span> <span class='ocrx_word' id='word_1_364' title='bbox 1568 2314 1659 2346; x_wconf 84' lang='lat' dir='ltr'>circa</span> <span class='ocrx_word' id='word_1_365' title='bbox 1685 2314 1834 2346; x_wconf 87' lang='lat' dir='ltr'>divinam</span> <span class='ocrx_word' id='word_1_366' title='bbox 1860 2320 2028 2353; x_wconf 82' lang='lat' dir='ltr'>naturam,</span> <span class='ocrx_word' id='word_1_367' title='bbox 2054 2325 2143 2355; x_wconf 86' lang='lat' dir='ltr'>quae</span> 
     </span>
     <span class='ocr_line' id='line_1_38' title="bbox 676 2371 2142 2415; baseline -0.003 -8"><span class='ocrx_word' id='word_1_368' title='bbox 676 2386 747 2407; x_wconf 90' lang='lat' dir='ltr'>non</span> <span class='ocrx_word' id='word_1_369' title='bbox 772 2375 892 2407; x_wconf 87' lang='lat' dir='ltr'>dicunt</span> <span class='ocrx_word' id='word_1_370' title='bbox 915 2385 986 2406; x_wconf 89' lang='lat' dir='ltr'>rem</span> <span class='ocrx_word' id='word_1_371' title='bbox 1011 2373 1111 2405; x_wconf 85' lang='lat' dir='ltr'>aliam</span> <span class='ocrx_word' id='word_1_372' title='bbox 1137 2374 1180 2404; x_wconf 89' lang='lat' dir='ltr'>ab</span> <span class='ocrx_word' id='word_1_373' title='bbox 1206 2373 1281 2415; x_wconf 89' lang='lat' dir='ltr'>ipsa</span> <span class='ocrx_word' id='word_1_374' title='bbox 1299 2372 1449 2404; x_wconf 85' lang='lat' dir='ltr'>essentia</span> <span class='ocrx_word' id='word_1_375' title='bbox 1467 2371 1592 2410; x_wconf 74' lang='lat' dir='ltr'>divina,</span> <span class='ocrx_word' id='word_1_376' title='bbox 1611 2373 1672 2404; x_wconf 90' lang='lat' dir='ltr'>sed</span> <span class='ocrx_word' id='word_1_377' title='bbox 1691 2378 1727 2403; x_wconf 93' lang='lat' dir='ltr'>ut</span> <span class='ocrx_word' id='word_1_378' title='bbox 1745 2373 1787 2403; x_wconf 87' lang='lat' dir='ltr'>ad</span> <span class='ocrx_word' id='word_1_379' title='bbox 1806 2372 1918 2403; x_wconf 89' lang='lat' dir='ltr'>Deum</span> <span class='ocrx_word' id='word_1_380' title='bbox 1937 2372 2142 2410; x_wconf 86' lang='lat' dir='ltr'>referuntur,</span> 
     </span>
     <span class='ocr_line' id='line_1_39' title="bbox 676 2429 2144 2473; baseline -0.003 -9"><span class='ocrx_word' id='word_1_381' title='bbox 676 2433 838 2465; x_wconf 86' lang='lat' dir='ltr'>differunt</span> <span class='ocrx_word' id='word_1_382' title='bbox 854 2432 987 2464; x_wconf 90' lang='lat' dir='ltr'>ratione</span> <span class='ocrx_word' id='word_1_383' title='bbox 1004 2431 1131 2469; x_wconf 77' lang='lat' dir='ltr'>solum3</span> <span class='ocrx_word' id='word_1_384' title='bbox 1150 2436 1184 2462; x_wconf 89' lang='lat' dir='ltr'>et</span> <span class='ocrx_word' id='word_1_385' title='bbox 1201 2440 1419 2473; x_wconf 79' lang='lat' dir='ltr'>cognoscere</span> <span class='ocrx_word' id='word_1_386' title='bbox 1437 2430 1549 2461; x_wconf 86' lang='lat' dir='ltr'>Deum</span> <span class='ocrx_word' id='word_1_387' title='bbox 1567 2430 1760 2461; x_wconf 74' lang='lat' dir='ltr'>secundum</span> <span class='ocrx_word' id='word_1_388' title='bbox 1785 2429 1819 2461; x_wconf 92' lang='lat' dir='ltr'>id</span> <span class='ocrx_word' id='word_1_389' title='bbox 1835 2429 1846 2445; x_wconf 81' lang='lat'>³</span> <span class='ocrx_word' id='word_1_390' title='bbox 1870 2429 1964 2470; x_wconf 83' lang='lat' dir='ltr'>quod</span> <span class='ocrx_word' id='word_1_391' title='bbox 1989 2435 2042 2461; x_wconf 87' lang='lat' dir='ltr'>est</span> <span class='ocrx_word' id='word_1_392' title='bbox 2066 2429 2144 2461; x_wconf 90' lang='lat' dir='ltr'>sim—</span> 
     </span>
     <span class='ocr_line' id='line_1_40' title="bbox 675 2486 2143 2532; baseline -0.003 -10"><span class='ocrx_word' id='word_1_393' title='bbox 675 2490 809 2532; x_wconf 89' lang='lat' dir='ltr'>pliciter</span> <span class='ocrx_word' id='word_1_394' title='bbox 833 2495 866 2522; x_wconf 90' lang='lat' dir='ltr'>et</span> <span class='ocrx_word' id='word_1_395' title='bbox 890 2490 1049 2521; x_wconf 89' lang='lat' dir='ltr'>absolute</span> <span class='ocrx_word' id='word_1_396' title='bbox 1074 2494 1111 2520; x_wconf 91' lang='lat' dir='ltr'>ut</span> <span class='ocrx_word' id='word_1_397' title='bbox 1134 2487 1359 2531; x_wconf 83' lang='lat' dir='ltr'>cognoscitur</span> <span class='ocrx_word' id='word_1_398' title='bbox 1387 2498 1406 2518; x_wconf 87' lang='lat' dir='ltr'>a</span> <span class='ocrx_word' id='word_1_399' title='bbox 1434 2487 1544 2519; x_wconf 87' lang='lat' dir='ltr'>beatis</span> <span class='ocrx_word' id='word_1_400' title='bbox 1573 2493 1625 2519; x_wconf 92' lang='lat' dir='ltr'>est</span> <span class='ocrx_word' id='word_1_401' title='bbox 1653 2487 1755 2519; x_wconf 88' lang='lat' dir='ltr'>etiam</span> <span class='ocrx_word' id='word_1_402' title='bbox 1784 2496 2002 2530; x_wconf 83' lang='lat' dir='ltr'>cognoscere</span> <span class='ocrx_word' id='word_1_403' title='bbox 2030 2486 2143 2528; x_wconf 80' lang='lat' dir='ltr'>ipsum</span> 
     </span>
     <span class='ocr_line' id='line_1_41' title="bbox 675 2543 2142 2589; baseline -0.003 -9"><span class='ocrx_word' id='word_1_404' title='bbox 675 2548 741 2580; x_wconf 85' lang='lat' dir='ltr'>sub</span> <span class='ocrx_word' id='word_1_405' title='bbox 758 2547 883 2579; x_wconf 85' lang='lat' dir='ltr'>talibus</span> <span class='ocrx_word' id='word_1_406' title='bbox 900 2546 1194 2589; x_wconf 82' lang='lat' dir='ltr'>perfectionibus:</span> <span class='ocrx_word' id='word_1_407' title='bbox 1213 2565 1252 2568; x_wconf 94' lang='lat'><strong>—</strong></span> <span class='ocrx_word' id='word_1_408' title='bbox 1271 2545 1351 2577; x_wconf 90' lang='lat' dir='ltr'>ideo</span> <span class='ocrx_word' id='word_1_409' title='bbox 1369 2545 1460 2577; x_wconf 87' lang='lat' dir='ltr'>beati</span> <span class='ocrx_word' id='word_1_410' title='bbox 1478 2550 1736 2587; x_wconf 85' lang='lat' dir='ltr'>cognoscentes</span> <span class='ocrx_word' id='word_1_411' title='bbox 1754 2545 1866 2576; x_wconf 90' lang='lat' dir='ltr'>Deum</span> <span class='ocrx_word' id='word_1_412' title='bbox 1892 2555 1954 2586; x_wconf 89' lang='lat' dir='ltr'>per</span> <span class='ocrx_word' id='word_1_413' title='bbox 1978 2543 2142 2585; x_wconf 89' lang='lat' dir='ltr'>speciem,</span> 
     </span>
     <span class='ocr_line' id='line_1_42' title="bbox 676 2601 2143 2647; baseline -0.002 -10"><span class='ocrx_word' id='word_1_414' title='bbox 676 2605 808 2637; x_wconf 89' lang='lat' dir='ltr'>visione</span> <span class='ocrx_word' id='word_1_415' title='bbox 841 2610 975 2647; x_wconf 81' lang='lat' dir='ltr'>aperta,</span> <span class='ocrx_word' id='word_1_416' title='bbox 1008 2604 1120 2646; x_wconf 88' lang='lat' dir='ltr'>ipsum</span> <span class='ocrx_word' id='word_1_417' title='bbox 1154 2604 1219 2635; x_wconf 78' lang='lat' dir='ltr'>sub</span> <span class='ocrx_word' id='word_1_418' title='bbox 1259 2603 1332 2634; x_wconf 86' lang='lat' dir='ltr'>istis</span> <span class='ocrx_word' id='word_1_419' title='bbox 1369 2602 1561 2634; x_wconf 81' lang='lat' dir='ltr'>rationibus</span> <span class='ocrx_word' id='word_1_420' title='bbox 1598 2602 1699 2635; x_wconf 85' lang='lat' dir='ltr'>etiam</span> <span class='ocrx_word' id='word_1_421' title='bbox 1735 2601 1894 2634; x_wconf 88' lang='lat' dir='ltr'>distincte</span> <span class='ocrx_word' id='word_1_422' title='bbox 1926 2608 1959 2634; x_wconf 91' lang='lat' dir='ltr'>et</span> <span class='ocrx_word' id='word_1_423' title='bbox 1991 2601 2143 2647; x_wconf 88' lang='lat' dir='ltr'>perfecte</span> 
     </span>
    </p>
   </div>
   <div class='ocr_carea' id='block_1_5' title="bbox 767 2734 1286 2763">
    <p class='ocr_par' dir='ltr' id='par_1_6' title="bbox 767 2734 1286 2763">
     <span class='ocr_line' id='line_1_43' title="bbox 767 2734 1286 2763; baseline -0.002 -1"><span class='ocrx_word' id='word_1_424' title='bbox 767 2738 774 2752; x_wconf 90' lang='lat'><strong>¹</strong></span> <span class='ocrx_word' id='word_1_425' title='bbox 790 2745 844 2763; x_wconf 83' lang='lat' dir='ltr'>om.</span> <span class='ocrx_word' id='word_1_426' title='bbox 858 2736 888 2762; x_wconf 92' lang='lat' dir='ltr'>P.</span> <span class='ocrx_word' id='word_1_427' title='bbox 909 2752 941 2755; x_wconf 97' lang='lat'><strong>—</strong></span> <span class='ocrx_word' id='word_1_428' title='bbox 956 2736 966 2751; x_wconf 71' lang='lat'>’³</span> <span class='ocrx_word' id='word_1_429' title='bbox 979 2744 1033 2762; x_wconf 87' lang='lat' dir='ltr'>om.</span> <span class='ocrx_word' id='word_1_430' title='bbox 1048 2735 1078 2762; x_wconf 91' lang='lat' dir='ltr'>P.</span> <span class='ocrx_word' id='word_1_431' title='bbox 1092 2751 1126 2754; x_wconf 97' lang='lat'><strong>—</strong></span> <span class='ocrx_word' id='word_1_432' title='bbox 1139 2735 1150 2750; x_wconf 79' lang='lat'>²³</span> <span class='ocrx_word' id='word_1_433' title='bbox 1162 2734 1242 2761; x_wconf 88' lang='lat' dir='ltr'>illum</span> <span class='ocrx_word' id='word_1_434' title='bbox 1256 2735 1286 2761; x_wconf 87' lang='grc' dir='ltr'>Ρ.</span> 
     </span>
    </p>
   </div>
  </div>
 </body>
</html>
