2493 3458
533 505 596 530 cod.
610 505 633 530 V

504 540 552 566 sol.
564 542 616 566 2⁴55
629 540 666 565 lx'b

695 420 742 445 110
1055 416 1242 444 >laomim
1274 417 1491 443 GODlil-‘lx'lDl
1523 416 1572 442 1›1·2
1605 415 1800 442 FONTfflL'S

692 509 723 540 in
745 508 897 550 potentia
915 518 1011 549 pura,
1030 508 1090 538 sed
1110 507 1206 548 quasi
1227 506 1340 537 medio
1359 506 1464 537 modo
1490 506 1576 537 inter
1597 505 1784 547 potentiam
1803 511 1836 536 et
1854 511 1979 541 actum,
2005 511 2038 536 (51
2064 504 2113 536 sic
2141 506 2144 543 1

692 566 824 597 videtur
850 576 956 606 posse
982 564 1101 596 salvari
1129 564 1246 595 mixtio
1272 564 1463 595 <ventulum
1491 563 1665 594 veritam-m
1693 569 1724 594 et
1750 563 1915 602 distingui
1946 563 1990 593 ab
2015 562 2164 593 ‹flemen-

691 630 800 654 torum
827 622 1071 664 corruptione3
1094 642 1127 645 —
1150 622 1228 653 i‹l«·o
1254 621 1303 652 >ic
1329 627 1504 663 ponuntur
1530 621 1561 652 in
1588 620 1680 652 omni
1707 620 1811 651 mixto
1833 622 1946 661 plures
1965 620 2105 651 formae.

779 681 901 712 Haec¹
926 680 1060 711 videtur
1088 679 1189 711 etiam
1220 679 1326 710 fuisse
1351 678 1477 720 positio
1503 677 1794 710 commentatoris
1812 680 1858 717 41)
1888 683 1922 708 ut
1947 683 2041 719 patet
2065 677 2164 709 tertio

690 738 774 771 caeli
793 744 826 769 et
845 737 960 769 mundi
978 738 1002 775 ²3
1029 743 1061 768 et
1087 737 1165 769 ideo
1190 748 1268 768 cum
1295 737 1400 767 homo
1424 736 1467 767 sit
1491 736 1666 776 quoddam
1686 735 1837 772 mixtum,
1857 741 1991 776 praeter
2015 734 2163 766 animam

690 801 827 838 oportet
844 806 922 827 esse
940 795 972 826 in
992 795 1095 826 mixto
1114 794 1311 826 huiusmodi
1329 801 1493 835 quattuor
1515 794 1684 825 vlementa
1711 793 1754 824 ad
1780 793 1902 824 minus.
1930 793 2030 824 Unde
2055 792 2138 824 dicit
2156 793 2167 808 ³

692 854 932 885 Damascenus
950 855 1006 891 (2),
1024 852 1110 883 libro
1127 852 1236 891 tertio,
1255 851 1406 893 capitulo
1432 851 1568 883 decimo
1594 857 1712 882 sexto:
1739 860 1885 882 necesse
1910 855 1962 882 est
1987 849 2163 882 hominem

690 911 806 942 (licere
831 911 874 942 ad
900 910 1012 942 minus
1033 909 1262 951 compositum
1282 920 1360 941 esse
1387 920 1426 940 ex
1453 908 1604 950 quinque
1623 907 1763 946 naturis,
1783 907 1815 939 id
1834 914 1885 939 est
1901 908 1910 923 ⁴
1936 918 1976 939 ex
2001 913 2164 949 qiuntuor

691 967 870 1000 clementis
887 973 921 999 et
937 967 1060 999 anima.
1080 967 1294 999 Contradicit
1313 978 1406 1007 ergo,
1421 972 1456 998 ut
1475 966 1616 1001 videtur,
1633 965 1872 1008 philosophiae
1887 965 2007 1007 opinio
2028 976 2165 1007 ponens

691 1026 723 1057 in
743 1025 883 1057 homine
908 1031 1039 1057 tantum
1065 1036 1167 1056 unam
1194 1025 1337 1056 sormam
1354 1024 1365 1039 '¹
1390 1035 1478 1065 quae
1504 1030 1555 1055 est
1580 1023 1704 1062 anima,
1727 1034 1834 1065 quare
1856 1029 1939 1054 tunc
1964 1022 1997 1054 in
2024 1022 2165 1054 homine

692 1094 763 1115 non
789 1089 889 1115 erunt
915 1083 1085 1115 elementa
1110 1092 1175 1114 nee
1201 1082 1310 1113 forma
1336 1081 1428 1113 mixti
1454 1088 1486 1113 et
1512 1087 1637 1113 cetera.

799 1141 1044 1173 Verumtamen
1062 1151 1102 1172 ex
1122 1139 1313 1172 intentione
1326 1139 1711 1176 C‹)1111nentatoris,1ion
1729 1139 1875 1170 habetur
1888 1138 1982 1179 quod
1997 1138 2168 1171 elementa

692 1199 742 1231 sic
756 1198 891 1241 possint
908 1208 1047 1230 manere
1065 1197 1098 1229 in
1114 1198 1218 1229 mixto
1233 1197 1327 1239 quod
1342 1197 1452 1228 forma
1468 1196 1726 1228 substantialis-⁴*
1743 1196 1888 1228 alicuius
1901 1207 2020 1228 eorum
2034 1195 2169 1228 dicatur

692 1256 892 1298 simpliciter
909 1266 1048 1288 manere
1064 1255 1083 1294 ⁷,
1103 1255 1259 1297 quamvis
1277 1255 1378 1287 etiam
1397 1261 1488 1286 esset
1508 1254 1709 1296 imperfecta
1732 1259 1893 1296 respectu
1917 1253 2168 1295 cuiuscumque

693 1314 841 1353 alterius,
867 1325 909 1346 eo
928 1314 1022 1355 quod
1041 1313 1233 1345 secundum
1250 1314 1261 1326 '⁴
1286 1312 1398 1355 ipsum
1425 1311 1658 1354 compositum
1684 1312 1789 1343 (lebet
1806 1322 1884 1343 esse
1902 1322 2008 1343 unum
2033 1311 2077 1343 ab
2099 1321 2168 1342 una

694 1373 812 1404 forma.
831 1371 872 1403 Et
890 1371 968 1403 ideo
987 1371 1115 1403 dictum
1133 1382 1233 1402 suum
1252 1370 1386 1402 videtur
1403 1370 1453 1402 sic
1482 1369 1754 1411 intelligendum,
1779 1369 1873 1411 quod
1899 1369 1973 1411 ipsa
1998 1368 2169 1401 elementa

693 1430 744 1463 sic
759 1434 1023 1472 corrumpantur
1047 1428 1240 1461 secundum
1267 1428 1486 1460 medietatem
1505 1438 1644 1459 suarum
1663 1426 1944 1465 substantiarum,
1966 1426 2061 1468 quod
2087 1436 2169 1459 con-

694 1487 833 1521 veniant
858 1488 901 1519 ad
927 1487 1076 1529 aliquam
1101 1485 1393 1523 commixtionem,
1420 1486 1613 1518 secundum
1632 1496 1734 1527 quam
1760 1495 1831 1517 non
1856 1490 1971 1527 potest
1988 1484 2055 1517 dici
2074 1484 2169 1526 quod

694 1545 834 1587 aliquod
852 1545 1100 1577 elementorum
1117 1543 1160 1576 sit
1178 1543 1210 1575 in
1229 1550 1308 1576 actu
1327 1554 1412 1576 suae
1430 1543 1571 1581 formae,
1587 1553 1652 1575 nec
1669 1542 1771 1575 etiam
1786 1542 1880 1584 quod
1898 1542 1954 1574 illa
1971 1541 2169 1574 commixtio

693 1604 787 1645 quod
805 1609 857 1635 est
882 1603 1058 1645 quoddam
1084 1601 1233 1634 medium
1260 1601 1466 1643 dispositum
1486 1606 1519 1633 et
1540 1601 1741 1643 adaptatum
1767 1600 1931 1632 materiae
1955 1600 1999 1632 ad
2024 1599 2168 1632 formam

694 1661 902 1703 completam
921 1660 1181 1692 determinatam
1200 1659 1293 1691 mixti
1311 1659 1354 1691 sit
1379 1659 1492 1700 aliqua
1517 1659 1627 1691 forma
1653 1658 1889 1690 substantialis
1907 1657 1941 1689 in
1959 1663 2037 1690 actu
2055 1657 2169 1690 media

694 1720 781 1752 inter
813 1719 941 1751 formas
973 1719 1233 1756 elementorum,
1264 1737 1302 1740 —
1337 1717 1426 1749 sicut
1459 1717 1546 1748 sorte
1580 1716 1812 1758 imaginantur
1842 1715 1944 1757 aliqui
1978 1716 2022 1748 de
2054 1715 2169 1747 medio

694 1778 811 1809 colore
840 1775 1030 1808 constituto
1055 1787 1096 1807 ex
1121 1775 1291 1807 extremis.
1318 1774 1492 1815 Quoniam
1522 1774 1611 1806 sicut
1639 1774 1736 1816 ipsae
1765 1773 1896 1805 formae
1921 1773 2168 1805 elementorum

768 1920 774 1935 ¹
795 1919 850 1945 hoe
870 1918 940 1953 (sic)
957 1919 988 1944 V.
1003 1934 1034 1938 —
1052 1918 1061 1933 ε
1075 1917 1308 1950 tertio-munau
1331 1902 1370 1942 1‘i1
1391 1925 1406 1942 c
1427 1921 1456 1942 et
1476 1925 1502 1942 m
1524 1907 1584 1942 Px:
1607 1931 1638 1935 -
1659 1917 1669 1930 ³
1689 1915 1760 1942 dixit
1780 1916 1810 1942 P.
1831 1931 1862 1934 -
1885 1917 1892 1930 ·
1914 1915 1943 1941 id
1963 1916 2017 1949 est]
2038 1919 2065 1941 et
2087 1915 2116 1941 Ρ.
2137 1930 2169 1934 -

696 1964 706 1978 ⁵
725 1967 835 1989 tantum
855 1971 940 1988 unam
961 1961 1094 1995 sormam]
1119 1970 1203 1987 unam
1227 1966 1338 1987 tantum
1364 1960 1485 1986 formam
1507 1960 1536 1986 P.
1558 1975 1589 1978 —
1613 1961 1622 1972 '¹
1642 1969 1697 1986 om.
1719 1959 1747 1985 P.
1769 1975 1800 1978 —-
1826 1960 1832 1974 ⁷
1852 1958 2022 1994 simpliciter
2042 1959 2169 1992 manere]

696 2015 814 2033 manere
827 2006 999 2041 simpliciter
1013 2006 1042 2032 P.
1059 2021 1089 2024 —
1105 2007 1115 2019 ⁸
1128 2014 1182 2031 om.
1198 2005 1227 2031 P.

784 2106 822 2136 (1)
844 2103 1022 2130 Averrois
1049 2103 1093 2128 De
1115 2102 1192 2128 caelo
1215 2102 1231 2128 l.
1247 2101 1296 2133 111,
1317 2110 1341 2127 c.
1355 2102 1372 2127 23
1395 2100 1546 2133 (venetiis,
1572 2102 1648 2130 1550,
1670 2100 1718 2127 sol.
1741 2102 1789 2126 105
1809 2100 1869 2126 Rb).
1962 2099 2092 2126 Necesse
2115 2104 2170 2132 est,

696 2157 760 2175 cum
786 2157 821 2174 ex
847 2147 890 2173 eis
914 2151 1071 2181 generatur
1097 2155 1153 2172 una
1179 2145 1280 2174 forma„
1306 2150 1335 2171 ut
1362 2150 1585 2179 corrumpantur
1610 2143 1722 2170 formae
1748 2152 1847 2170 eorum
1871 2143 2032 2170 secundum
2059 2143 2168 2170 medie-

695 2197 784 2218 tatem
838 2191 976 2217 Dicemus
996 2190 1074 2225 quod
1094 2189 1205 2215 formae
1228 2189 1348 2215 istorum
1372 2189 1581 2214 elementorum
1602 2192 1668 2213 sunt
1691 2187 1908 2219 substantiales,
1928 2191 1994 2213 sunt
2008 2186 2168 2213 diminutae

695 2244 711 2262 a
726 2235 826 2262 formis
839 2234 1080 2261 substantialibus
1100 2232 1248 2268 perfectis,
1268 2237 1297 2259 et
1317 2232 1399 2267 quasi
1418 2241 1501 2257 suum
1522 2240 1587 2257 esse
1608 2236 1653 2257 est
1673 2230 1799 2257 medium
1820 2230 1895 2256 inter
1915 2230 2024 2256 formas
2044 2235 2073 2256 et
2093 2231 2169 2257 acci-

696 2280 812 2309 dentia:
835 2284 863 2306 et
886 2279 953 2305 ideo
975 2287 1033 2304 non
1057 2278 1110 2304 fuit
1133 2277 1315 2312 impossibile
1340 2282 1370 2303 ut
1393 2276 1505 2302 formae
1528 2284 1627 2301 eorum
1651 2275 1858 2301 substantiales
1879 2274 2119 2307 admiscerentur,
2138 2279 2168 2301 et

696 2323 863 2359 proveniret
878 2332 913 2349 ex
934 2322 1109 2349 collectione
1130 2330 1228 2347 earum
1249 2321 1305 2358 alia
1328 2320 1430 2351 forma,
1450 2320 1534 2349 sicut,
1557 2328 1622 2345 cum
1643 2318 1749 2345 albedo
1770 2323 1799 2345 et
1818 2318 1941 2353 nigredo
1965 2318 2170 2349 admiscentur,

696 2368 767 2394 fiunt
781 2377 815 2393 ex
830 2367 872 2393 eis
886 2366 966 2393 multi
982 2366 1097 2392 colores
1113 2364 1210 2391 medii.
1226 2365 1260 2390 Et
1281 2373 1346 2390 cum
1367 2364 1423 2390 hoc
1446 2363 1530 2389 latuit
1549 2362 1719 2389 Avicennae
1742 2367 1772 2388 et
1791 2361 1939 2388 concessit
1959 2361 2037 2396 quod
2058 2361 2170 2388 formae

696 2411 903 2438 substantiales
916 2418 974 2436 non
994 2409 1162 2435 dividuntur
1176 2409 1203 2434 in
1217 2408 1311 2443 magis
1325 2412 1354 2434 et
1374 2407 1477 2435 minus.
1497 2406 1567 2433 dicit
1587 2406 1666 2441 quod
1686 2406 1758 2432 haec
1783 2406 1926 2432 elementa
1940 2413 1997 2432 non
2011 2405 2170 2432 miscentur

695 2455 749 2481 nisi
764 2454 924 2481 secundum
939 2453 1095 2488 qualitates
1109 2461 1218 2484 corum,
1232 2460 1290 2478 non
1306 2451 1466 2478 secundum
1481 2450 1668 2476 substantias.
1683 2450 1718 2475 Et
1732 2459 1767 2476 ex
1787 2450 1842 2476 hoc
1866 2449 2017 2483 continget
2031 2458 2168 2484 magnum

696 2497 886 2533 impossibile,
906 2497 1019 2523 scilicet
1043 2501 1072 2522 ut
1095 2496 1239 2522 elementa
1262 2495 1319 2521 sint
1342 2495 1369 2521 in
1393 2493 1557 2529 composito
1577 2493 1606 2520 in
1629 2498 1704 2526 actu,
1728 2498 1849 2528 propter
1871 2492 1949 2528 quod
1974 2492 2169 2528 compositum

696 2551 754 2568 non
769 2541 888 2568 habebit
902 2549 987 2567 unam
1002 2540 1123 2566 formam
1139 2539 1360 2565 substantialem
1380 2549 1391 2563 »
1446 2538 1519 2564 [bid.
1538 2553 1546 2560 ..
1604 2537 1787 2572 Relinquitur
1802 2537 1887 2571 igitur
1902 2541 1934 2562 ut
1946 2536 2169 2571 (compositum)

696 2586 733 2612 sit
758 2594 844 2611 unuin
868 2584 1027 2611 secundum
1053 2583 1174 2609 formam
1197 2582 1419 2608 substantialem
1445 2586 1474 2608 et
1499 2581 1586 2607 etiam
1613 2581 1764 2616 continget
1785 2581 1812 2607 ei
1839 2586 1869 2606 ut
1893 2580 2042 2615 quaelibet
2067 2588 2166 2606 earum

696 2629 733 2655 sit
752 2629 889 2655 distincta
912 2629 948 2654 ab
972 2628 1028 2653 alia
1048 2638 1068 2653 v.
1089 2643 1120 2646 —
1148 2629 1184 2656 [2)
1207 2626 1317 2652 lohan
1328 2625 1384 2652 nis
1407 2625 1627 2651 Damasceni
1648 2625 1692 2651 De
1709 2624 1773 2659 fide
1795 2625 1956 2650 orthodoxa
1978 2624 1996 2650 l.
2017 2624 2067 2656 ΙΙΙ,
2090 2632 2114 2650 c.
2136 2625 2170 2650 16

697 2673 738 2703 (P.
763 2672 808 2705 G„
830 2672 887 2698 vol.
910 2673 953 2704 94,
979 2671 1033 2697 col.
1058 2672 1145 2699 1058>-
1177 2670 1250 2697 Ἐπεὶ
1274 2670 1374 2706 ἀνάγκη
1398 2672 1442 2696 καὶ
1470 2670 1514 2696 τὸν
1544 2668 1682 2704 ἄνθρωπον
1710 2668 1794 2704 λέγειν
1824 2668 1854 2695 ἐκ
1885 2668 1962 2695 πέντε
1990 2667 2172 2703 τούλάχιστον

696 2717 845 2750 συγκεῖσθαι
865 2713 976 2749 φοιτέων,
998 2713 1028 2740 ἐκ
1048 2723 1075 2739 τε
1096 2716 1149 2738 τῶν
1170 2711 1303 2746 τεσσάρων
1324 2711 1471 2746 στοιχείων,
1494 2712 1538 2737 κκὶ
1560 2712 1658 2746 ψυχῆς.
2006 2709 2008 2711 ’
