2493 3458
500 878 564 904 cod.
581 878 600 902 S

477 913 526 940 fol.
541 915 576 940 43
590 913 629 939 Rb

659 402 711 426 306
1024 398 1214 425 MAGISTRI
1244 398 1463 426 GODEFRIDI
1492 398 1544 425 DE
1573 397 1771 425 FONTIBUS

659 488 738 515 reale
761 489 797 514 ab
821 493 949 519 aeterno,
972 488 1024 514 sed
1051 488 1124 514 suit¹
1151 497 1274 514 causans
1295 487 1322 513 in
1342 487 1443 514 habitu
1468 486 1531 513 sive
1552 486 1579 513 in
1599 486 1740 522 potentia.
1767 486 1803 513 Et
1825 486 1958 513 similiter
1981 491 2133 514 creaturae

658 537 766 563 nullum
787 546 852 564 esse
873 537 950 564 reale
970 537 1134 563 habuerunt
1154 537 1190 563 ab
1211 540 1330 563 aeterno
1350 535 1378 562 in
1398 540 1473 567 actu,
1493 535 1546 562 sed
1566 539 1676 562 tantum
1697 534 1724 561 in
1745 535 1884 570 potentia.

747 585 794 611 Ad
814 585 884 612 illud
905 585 983 620 quod
1004 585 1109 612 dicitur
1129 584 1208 620 quod
1227 593 1293 611 esse
1313 589 1465 611 creaturae
1485 588 1564 610 esset
1583 592 1640 610 non
1665 583 1871 619 participatum
1892 588 1921 610 et
1941 588 2019 610 esset
2038 592 2133 619 aeque

658 634 782 669 simplex
802 633 876 660 sicut
897 642 961 660 esse
983 633 1046 665 Dei,
1066 642 1124 660 non
1144 633 1282 668 sequitur.
1303 633 1389 667 Quia,
1408 632 1483 658 sicut
1504 632 1576 658 alias
1596 632 1775 658 declaratum
1799 636 1852 664 est,
1873 632 2010 668 ponendo
2034 641 2133 659 essen-

658 682 727 709 tiam
754 686 905 709 creaturae
931 682 1025 708 minus
1052 681 1214 718 simplicem
1241 690 1326 717 quam
1353 681 1390 707 sit
1416 681 1544 707 essentia
1571 681 1624 707 Dei
1637 681 1655 713 ²,
1681 689 1737 707 non
1758 684 1875 715 oportet
1895 680 1974 715 quod
1999 681 2055 708 hoc
2082 680 2133 707 fiat

657 730 795 766 ponendo
815 731 897 766 plura
918 731 944 756 in
965 735 1099 757 creatura
1119 739 1193 766 quae
1214 730 1271 756 sint
1291 738 1356 756 esse
1377 734 1405 756 et
1425 729 1552 756 essentia
1573 729 1635 755 sive
1654 729 1741 755 etiam
1762 728 1900 755 accidens
1911 733 1939 755 et
1959 729 2133 761 subiectum,

658 779 726 806 licet
755 779 782 806 in
811 779 888 806 omni
919 783 1051 806 creatura
1074 778 1111 805 sit
1135 778 1255 814 aliquod
1276 778 1414 805 accidens
1443 782 1559 813 praeter
1586 777 1778 804 substantiam
1805 778 1876 810 eius,
1901 778 1970 812 quia
1994 778 2051 804 hoc
2074 786 2131 804 non

658 835 781 863 poneret
800 827 1045 863 compositionem
1068 827 1096 854 in
1119 827 1246 854 essentia
1278 831 1438 853 creaturae.
1461 826 1521 853 Sed
1546 826 1652 853 dicitur
1674 826 1800 861 ipsamet
1830 826 1958 852 essentia
1980 831 2133 853 creaturae

674 879 677 910 Ι
703 876 877 912 participata
898 881 926 903 et
946 876 1033 903 etiam
1054 876 1244 911 compositior
1264 884 1350 911 quarn
1371 875 1500 902 essentia
1520 875 1619 901 divina
1633 884 1689 901 non
1705 874 1882 901 includendo
1902 874 2035 901 diversas
2058 883 2104 901 res
2113 875 2132 907 ⁸,

657 925 710 952 sed
730 934 783 960 per
802 934 888 951 unam
908 930 937 952 et
957 925 1080 952 eandem
1101 934 1161 951 rem
1176 933 1251 960 quae
1271 924 1360 950 habet
1380 923 1458 959 quod
1479 923 1532 950 sit·
1553 924 1658 950 actus⁵
1679 927 1708 950 et
1729 923 1860 959 potentia
1881 927 2018 958 respectu
2038 923 2132 950 diver-

657 983 764 1006 sorum,
784 974 851 1009 quia
874 983 990 1009 semper
1013 973 1140 1000 essentia
1164 973 1257 999 minus
1280 972 1412 1008 perfecta
1433 977 1476 998 est
1499 973 1581 1008 quasi
1606 972 1750 1007 quaedam
1775 971 1906 1007 potentia
1930 971 1976 998 vel
1991 971 2132 1007 quodam—

657 1023 745 1050 modo
774 1022 934 1058 potentiale
963 1026 1099 1058 respectu
1129 1021 1222 1057 magis
1254 1021 1387 1057 perfecti,
1407 1026 1436 1047 et
1465 1025 1509 1047 est
1538 1025 1635 1047 tamen
1668 1020 1786 1056 quidam
1819 1025 1902 1047 actus
1930 1020 1958 1047 in
1988 1028 2029 1053 se,
2057 1019 2132 1047 sicut

657 1072 729 1099 alias
749 1071 844 1107 magis
868 1071 974 1098 diffuse
997 1070 1106 1097 dictum
1129 1075 1182 1097 est.

1224 1251 1488 1286 QUAESTIO
1527 1251 1562 1278 11

1312 1330 1474 1353 ⁸BREV1S».

1011 1421 1118 1448 Utrum
1138 1421 1228 1456 prius
1251 1423 1366 1447 cru-tur
1387 1420 1514 1446 essentia
1536 1429 1626 1454 quam
1649 1429 1709 1445 esse
1728 1421 1775 1447 (1).

744 1547 790 1574 Ad
814 1546 974 1573 secundum
998 1546 1039 1572 sic
1064 1546 1232 1581 proceditur
1254 1550 1282 1572 et
1306 1546 1436 1581 arguitur
1459 1545 1537 1580 quod
1560 1553 1625 1571 esse
1646 1545 1725 1580 prius
1748 1549 1863 1571 creetur
1886 1552 1972 1579 quam
1993 1544 2130 1576 essentia,

653 1596 720 1631 quia
740 1595 899 1622 secundum
914 1595 1031 1622 beatum
1047 1594 1219 1629 Dionysium
1230 1597 1277 1626 421,
1291 1594 1392 1630 quinto
1408 1594 1445 1620 de
1461 1593 1574 1620 Divinis
1589 1593 1770 1626 Nominibus,
1786 1593 1865 1619 Deus
1879 1592 2129 1627 incircumscripte

652 1649 745 1671 totum
775 1653 840 1670 esse
869 1643 1022 1670 coambit⁶
1053 1648 1082 1670 et
1108 1644 1203 1669 onmia
1239 1643 1334 1678 ipsum
1369 1642 1556 1678 participant,
1593 1646 1622 1668 et
1652 1641 1713 1668 ibi:
1753 1641 1911 1677 praemittit
1937 1641 2031 1677 ipsum
2063 1649 2129 1667 esse

653 1693 788 1719 omnibus
811 1693 874 1719 aliis
897 1701 972 1728 quae
995 1692 1215 1728 participantur,
1229 1697 1258 1718 et
1280 1692 1323 1718 sic
1347 1691 1461 1718 videtur
1484 1691 1563 1726 quod
1586 1691 1680 1726 primo
1704 1695 1827 1717 creetur.
1848 1690 1920 1716 Item
1941 1695 2043 1725 quarta
2063 1698 2130 1725 pro-

652 1742 800 1778 positione
820 1742 856 1768 de
876 1741 980 1767 (ausis
991 1742 1030 1774 (3)
1058 1741 1163 1767 dicitur
1192 1741 1270 1776 quod
1291 1741 1384 1776 prima
1403 1749 1498 1766 rerum
1519 1744 1682 1767 creatarum
1703 1744 1747 1766 est
1767 1747 1841 1766 esse.
1862 1739 1939 1774 Ergo
1963 1744 1992 1765 et
2021 1743 2128 1765 cetera.

741 1791 860 1817 Contra.
884 1791 915 1816 In
938 1789 1128 1825 generatione
1151 1789 1307 1825 compositi
1332 1798 1389 1815 non
1416 1789 1496 1824 prius
1522 1793 1680 1823 generatur
1702 1787 1796 1814 forma
1820 1796 1906 1823 quam
1933 1787 2055 1814 materia
2081 1787 2128 1814 vel

652 1849 668 1866 e
689 1848 840 1866 converso.
862 1839 938 1874 Ergo
959 1847 975 1865 a
995 1838 1081 1865 simili
1101 1838 1143 1865 sic
1163 1838 1219 1865 erit
1239 1838 1276 1865 de
1295 1847 1361 1865 esse
1381 1842 1410 1864 et
1430 1837 1566 1864 essentia.

741 1887 918 1923 Respondeo
941 1887 1097 1914 dicendum
1121 1887 1200 1922 quod
1228 1887 1251 1913 si
1279 1887 1406 1913 essentia
1430 1886 1562 1913 differret
1585 1894 1614 1912 re
1639 1886 1675 1912 ab
1699 1894 1764 1912 esse
1789 1890 1817 1912 et
1841 1885 1968 1912 essentia
1993 1889 2072 1911 esset
2097 1889 2128 1911 ut

651 1946 724 1972 pura
748 1937 880 1972 potentia
909 1941 937 1963 et
966 1945 1032 1963 esse
1059 1941 1137 1963 esset
1157 1935 1328 1971 simpliciter
1343 1936 1352 1951 ἲ
1375 1940 1457 1962 actus
1480 1943 1545 1962 cum
1569 1934 1654 1961 simul
1670 1936 1680 1949 Β
1711 1934 1864 1961 duratione
1891 1933 2129 1969 produceretur⁹

651 1990 815 2021 utrumque,
826 1990 924 2012 tamen
944 1985 1071 2012 essentia
1091 1985 1283 2020 praecederet
1304 1984 1398 2020 ipsum
1413 1993 1478 2011 esse
1493 1983 1606 2019 origine
1620 1988 1650 2010 et
1664 1992 1680 2010 e
1696 1991 1840 2010 converso
1855 1991 1920 2009 esse
1935 1982 2128 2017 praecederet

651 2033 807 2061 essentiam
827 2033 978 2069 dignitate,
998 2033 1074 2060 sicut
1093 2032 1276 2066 Augustinus
1291 2034 1329 2066 (4)
1358 2031 1429 2058 dicit
1451 2032 1471 2047 ¹⁰
1496 2031 1622 2066 septimo
1643 2030 1879 2063 Confessionum,
1899 2030 1979 2065 quod
2005 2029 2127 2057 materia

650 2081 783 2108 informis
808 2081 970 2116 praecessit
995 2081 1118 2107 formam
1145 2079 1268 2115 origine,
1287 2079 1341 2106 sed
1366 2079 1460 2106 forma
1485 2078 1650 2114 praecessit
1674 2078 1826 2105 materiam
1841 2078 1985 2113 dignitate
2011 2082 2040 2104 et
2062 2086 2128 2113 per·

650 2129 778 2156 fectione
801 2130 871 2157 licet
892 2129 1052 2156 secundum
1075 2137 1141 2155 eum
1159 2130 1177 2144 ¹¹
1198 2129 1284 2155 ambo
1308 2128 1415 2154 fuerint
1428 2127 1513 2154 simul
1528 2132 1661 2163 tempore
1685 2126 1764 2154 facta
1781 2127 1808 2152 ¹².
1829 2126 1860 2153 Si
1880 2131 1978 2153 autem
1999 2126 2127 2153 essentia

650 2183 776 2214 ponatur
798 2187 850 2205 ens
873 2182 940 2205 actu
962 2177 1142 2213 simpliciter,
1168 2186 1220 2204 ens
1245 2181 1343 2203 tamen
1368 2176 1397 2202 in
1424 2176 1555 2212 potentia
1581 2175 1742 2203 secundum
1763 2175 1833 2211 quid
1853 2180 1883 2202 et
1909 2183 1975 2202 esse
2001 2179 2127 2210 ponatur

650 2232 733 2254 actus
758 2227 918 2254 secundum
947 2226 1025 2262 quid,
1054 2230 1122 2252 tunc
1152 2225 1220 2252 licet
1248 2225 1447 2261 producantur
1481 2225 1566 2252 simul
1591 2229 1723 2260 tempore
1752 2223 1816 2251 sive
1845 2223 2009 2256 duratione,
2028 2227 2126 2250 tamen

650 2275 778 2303 essentia
804 2276 917 2311 origine
943 2279 970 2302 et
996 2274 1180 2310 perfectione
1206 2274 1398 2310 praecederet
1411 2274 1431 2290 ¹³
1454 2282 1528 2300 esse.
1551 2273 1612 2300 Sed
1635 2273 1712 2309 quia,
1728 2277 1759 2299 ut
1785 2273 1942 2308 probatum
1961 2275 2006 2299 est
2031 2280 2121 2307 supra

740 2412 747 2426 ¹
761 2409 836 2437 sicut
852 2409 884 2436 C.
899 2425 931 2429 --
947 2410 956 2424 ²
970 2408 1068 2435 diviua
1083 2408 1115 2435 C.
1129 2424 1162 2428 —
1177 2409 1187 2423 ³
1201 2407 1380 2434 includendo
1392 2423 1425 2426 —
1439 2408 1496 2441 res]
1510 2405 1701 2440 intelligendo
1715 2413 1762 2432 res
1775 2405 1908 2432 diversas
1923 2405 1954 2432 C.
1975 2420 2008 2424 —
2022 2406 2032 2421 ⁴
2045 2405 2125 2440 quod

648 2458 695 2492 sit]
715 2466 771 2484 om.
791 2458 829 2486 S:
848 2457 917 2484 add.
937 2463 972 2483 21¹
988 2465 1024 2482 m.
1039 2456 1068 2482 S.
1092 2472 1124 2475 -
1148 2457 1158 2471 ⁵
1171 2455 1250 2490 quod
1265 2471 1297 2475 —
1312 2455 1404 2488 actus]
1425 2459 1492 2481 actu
1507 2454 1539 2481 C.
1562 2470 1595 2474 —
1621 2454 1632 2469 ⁶
1645 2450 1744 2480 coabit
1763 2453 1796 2480 C.
1815 2469 1850 2473 -
1871 2454 1880 2468 ἲ
1893 2452 2019 2488 simplex
2033 2452 2065 2480 C.
2091 2467 2124 2471 ——

649 2502 659 2516 ⁸
673 2510 728 2527 om.
749 2501 782 2528 C.
802 2517 835 2520 —
855 2500 1057 2536 ’producetur
1077 2500 1109 2526 C.
1134 2515 1167 2518 —
1189 2500 1210 2514 ¹⁰
1223 2499 1305 2534 ponit
1325 2498 1358 2525 C.
1381 2514 1415 2518 --
1440 2499 1459 2514 ¹¹
1473 2497 1633 2524 secundum
1653 2498 1729 2531 eum]
1756 2506 1810 2523 om.
1831 2496 1864 2524 C.
1887 2512 1921 2516 --
1950 2496 1970 2512 ¹²
1983 2496 2068 2523 simul
2091 2511 2124 2515 -

648 2544 737 2578 facta]
758 2544 836 2571 facta
855 2544 940 2571 simul
960 2548 1092 2578 tempore
1113 2543 1146 2570 C.
1165 2558 1198 2562 -
1221 2543 1241 2558 ¹⁹
1255 2542 1415 2578 praecedet
1435 2541 1467 2568 C.

738 2648 776 2680 (1)
798 2645 857 2673 Cfr.
877 2655 925 2682 pp.
947 2647 1071 2672 177-179.
1100 2661 1132 2664 —
1161 2646 1201 2677 (⁴2>
1216 2643 1276 2671 etr.
1296 2653 1324 2680 p.
1346 2645 1404 2677 178,
1420 2653 1448 2670 n.
1469 2645 1516 2677 (1).
1538 2659 1571 2662 -
1591 2644 1631 2676 (3)
1644 2642 1704 2670 Cfr.
1725 2643 1808 2674 ibid„
1830 2651 1857 2668 n.
1877 2644 1926 2677 (2).
1946 2658 1980 2661 —
2007 2642 2048 2675 (4)
2063 2640 2123 2667 Csr.

651 2691 731 2723 ibid„
750 2699 776 2716 n.
798 2691 846 2724 (3).
