2493 3458
659 409 710 432 3³4
1023 405 1214 432 MAGISTRI
1244 405 1464 433 GODEFle
1493 406 1544 432 DE
1573 405 1771 433 FONTIBUS

1221 613 1486 648 QUAESTIO
1518 613 1567 640 IX

1316 692 1477 720 (natvm).

888 787 997 814 Utrum
1019 787 1049 813 in
1066 787 1170 822 prima
1190 796 1291 813 rerum
1308 787 1505 822 productione
1525 787 1625 814 debuit
1645 787 1753 813 midier
1767 786 1840 822 fieri
1855 789 1903 819 (ql).

749 920 855 947 Postea
882 921 1075 956 quaerebatur
1102 929 1188 947 unum
1215 920 1388 956 pertinens¹
1417 921 1609 956 specialiter²
1637 920 1674 947 ad
1694 921 1844 947 mulierem
1860 921 1878 953 ³,
1906 925 1936 947 et
1966 926 2012 948 est
2039 926 2132 948 utrum

475 957 626 1020 ίῖωξξὸῖἷᾶ
660 968 688 994 in
710 968 803 1003 prima
830 977 924 995 rerum
951 968 1145 1003 productione
1166 968 1267 995 debuit
1293 968 1396 995 mulier
1417 969 1486 996 tieri.
1507 969 1542 995 Et
1563 968 1694 1003 arguitur
1716 968 1795 1004 quod
1815 977 1872 995 non
1899 971 1902 1002 ζ
1920 968 2012 995 .2'am
2033 978 2049 995 a
2069 969 2134 997 Deo

488 1004 505 1020 Ο
520 1013 524 1018 ’
540 1012 545 1019 “
660 1015 772 1051 optimo
788 1025 846 1042 non
861 1015 962 1042 debuit
983 1016 1105 1051 produci
1126 1016 1195 1043 illud
1211 1018 1219 1031 ¹
1240 1016 1319 1051 quod
1334 1015 1387 1042 fuit
1407 1025 1496 1043 causa
1516 1016 1578 1043 sive
1592 1016 1710 1043 occasio
1731 1016 1798 1042 mali
1820 1016 1932 1052 culpae.
1955 1016 2014 1043 Sed
2032 1017 2134 1044 mulier

660 1063 715 1090 fuit
734 1063 909 1090 huiusmodi.
930 1064 1008 1098 Ergo
1028 1069 1056 1090 et
1077 1068 1183 1090 cetera.

749 1112 932 1138 Contrarium
954 1116 1036 1147 patet
1056 1111 1183 1138 Genesis
1198 1114 1237 1144 (2)
1258 1112 1397 1138 secundo.

748 1159 926 1194 Responde«)
958 1159 1113 1186 dicendum
1148 1160 1227 1195 quud
1260 1159 1358 1186 decuit
1380 1160 1389 1174 ⁵
1420 1159 1582 1194 producere
1615 1159 1761 1186 hominem
1795 1160 1822 1186 in
1849 1165 1973 1195 utroque
2002 1169 2073 1187 sexu
2106 1160 2134 1186 in

659 1206 752 1241 prima
772 1216 866 1233 rernm
894 1207 1097 1242 productione,
1117 1208 1184 1242 quia
1206 1207 1298 1234 Deum
1319 1207 1402 1234 cuius
1416 1209 1426 1221 '¹
1446 1206 1577 1242 perfecta
1607 1212 1673 1234 sunt
1701 1216 1791 1242 opera
1808 1208 1815 1222 ²
1843 1207 1941 1234 decuit
1970 1208 2134 1243 producere

659 1263 893 1290 unamquamque
913 1254 1042 1290 speciem
1063 1260 1091 1281 et
1112 1255 1269 1290 praecipue
1284 1256 1438 1281 humanam
1453 1264 1528 1290 qnae
1543 1255 1637 1289 magis
1652 1255 1810 1281 intenditur
1830 1263 1915 1290 quam
1931 1264 2134 1291 quaecumque

660 1302 716 1328 alia
743 1307 875 1328 creatura
902 1303 1063 1337 corporalis
1080 1304 1097 1334 ⁸,
1123 1303 1282 1330 secundum
1309 1311 1376 1329 esse
1402 1302 1564 1338 perfectum
1592 1303 1702 1338 speciei
1725 1308 1754 1329 et
1781 1302 1922 1329 individui
1949 1312 2006 1329 non
2039 1303 2132 1329 solum

660 1354 798 1384 quantum
831 1350 867 1376 ad
894 1359 959 1376 esse
985 1350 1012 1376 in
1039 1355 1142 1376 natura
1167 1350 1277 1385 speciei
1304 1350 1355 1376 sed
1384 1349 1471 1376 etiam
1505 1356 1642 1385 quantum
1676 1350 1713 1376 ad
1739 1350 1994 1377 conservationem
2022 1351 2132 1386 speciei

659 1406 711 1432 per
734 1397 977 1433 propagationem
999 1398 1169 1424 naturalem.
1190 1398 1250 1424 Sed
1277 1398 1392 1433 species
1419 1399 1543 1424 humana
1565 1408 1622 1424 non
1646 1403 1724 1425 esset
1747 1398 1878 1434 perfecte
1901 1403 1930 1424 et
1953 1398 2134 1425 sufficienter

660 1444 790 1471 instituta
813 1445 850 1471 ad
876 1445 1119 1480 propagationem
1147 1446 1307 1472 naturalem
1329 1447 1390 1473 sin(¹
1417 1447 1547 1473 masculo
1573 1451 1602 1472 et
1629 1446 1745 1473 femina.
1773 1446 1850 1481 Ergo
1873 1451 1902 1472 et
1925 1451 2031 1472 cetera.
2051 1446 2134 1473 Licet

659 1494 734 1519 enim
769 1493 848 1519 Dens
879 1498 981 1528 posset
1013 1502 1112 1520 creare
1145 1503 1246 1520 omncs
1278 1494 1410 1521 homines
1443 1495 1505 1520 sine
1537 1494 1751 1530 propagatione
1783 1494 1916 1527 naturali,
1947 1500 2044 1520 tamen
2075 1503 2133 1520 non

661 1541 757 1567 decuit
778 1541 816 1568 ita
846 1541 916 1574 lieri,
937 1541 1003 1576 quia
1019 1543 1029 1556 ‘¹
1048 1550 1135 1577 posse
1162 1552 1193 1567 se
1220 1551 1396 1569 conservare
1423 1552 1475 1578 per
1497 1541 1741 1578 propagationem
1765 1542 1925 1568 naturalem
1949 1542 2076 1576 pertinet
2096 1542 2132 1568 ad

658 1588 869 1623 perfectionem
896 1589 1015 1625 speciei,
1041 1599 1094 1616 nec
1121 1590 1175 1616 hoc
1203 1590 1303 1616 debuit
1331 1590 1385 1616 sibi
1412 1590 1551 1616 subtrahi.
1577 1590 1656 1616 Licet
1691 1589 1778 1616 etiam
1811 1590 1914 1616 mulier
1937 1589 2051 1616 dicatur
2070 1599 2132 1616 mas

659 1636 872 1667 occasionatus,
893 1637 959 1672 quia
983 1646 1039 1663 non
1063 1642 1106 1664 cst
1127 1638 1163 1663 de
1185 1638 1344 1664 intentione
1366 1643 1486 1664 naturae
1507 1638 1690 1673 particulans
1710 1637 1822 1664 scilicet
1840 1639 1859 1653 ¹¹¹
1879 1637 1994 1664 virtutis
2014 1637 2133 1664 seminis

659 1684 710 1710 viri
735 1694 810 1720 quae
833 1684 955 1711 similem
981 1685 1008 1711 in
1031 1694 1102 1711 sexu
1126 1685 1248 1712 intendit
1271 1686 1434 1721 producere
1458 1686 1570 1712 scilicet
1591 1686 1682 1712 virum
1703 1686 1751 1721 qui
1772 1685 1931 1720 perfectior
1945 1691 1989 1712 est
2007 1687 2024 1700 '¹
2046 1694 2132 1720 quam

658 1733 768 1764 mulier,
788 1741 844 1759 nun
872 1737 968 1759 tamen
1001 1738 1045 1759 est
1077 1733 1266 1760 occasionata
1298 1739 1326 1759 et
1357 1739 1474 1769 praeter
1506 1733 1694 1760 intentionem
1712 1734 1732 1748 ¹⁴³
1759 1739 1898 1768 quantum
1931 1733 1967 1759 ad
1999 1738 2132 1760 naturam

658 1780 851 1807 universalem
875 1789 949 1815 quae
970 1781 1225 1807 conservationem
1245 1781 1355 1816 speciei
1376 1790 1428 1816 per
1447 1781 1691 1817 propagationem
1712 1781 1873 1807 naturalem
1894 1780 2025 1807 intendit.
2046 1780 2132 1807 L'nde

658 1828 759 1854 mulier
774 1837 830 1854 non
846 1834 890 1854 cst
913 1828 950 1854 ita
973 1834 1089 1864 praeter
1112 1829 1302 1855 intentionem
1327 1834 1448 1855 naturae
1471 1830 1545 1855 sicut
1570 1834 1698 1855 monstra
1721 1836 1787 1855 sunt
1805 1834 1920 1864 praeter
1941 1828 2131 1855 intentionem

657 1880 787 1906 naturae,
814 1876 882 1910 qnia
911 1876 953 1902 vir
979 1877 1072 1911 primo
1099 1881 1127 1903 et
1148 1886 1200 1912 per
1226 1886 1257 1903 se
1283 1882 1327 1904 est
1353 1877 1390 1903 «le
1417 1877 1577 1903 intentione
1603 1882 1732 1909 naturae,
1756 1877 1858 1903 mulier
1881 1881 1976 1902 autem
2001 1877 2132 1903 secundo

657 1928 686 1950 et
705 1933 758 1959 per
778 1934 817 1955 sc,
838 1933 896 1950 non
915 1924 957 1950 sic
979 1929 1116 1951 monstra.

745 1972 792 1998 Ad
822 1973 963 1998 rationein
996 1973 1023 1998 in
1049 1973 1216 2007 oppositum
1250 1973 1406 1999 dicendum
1434 1973 1512 2008 quod
1547 1973 1639 1999 Deum
1669 1973 1767 1999 decuit
1799 1973 1961 2008 producere
1993 1972 2130 1998 effectum

656 2029 739 2046 suum
771 2020 888 2046 bonum.
921 2020 981 2046 Sed
1014 2030 1071 2046 non
1103 2021 1232 2056 oportuit
1265 2020 1343 2055 quod
1376 2021 1552 2055 produceret
1585 2021 1678 2056 ipsum
1711 2021 1798 2047 talem
1831 2020 1908 2055 quod
1939 2029 1997 2046 non
2030 2025 2132 2055 posset

657 2067 792 2099 delicere,
813 2067 941 2102 alioquin
965 2077 1022 2094 non
1045 2068 1154 2095 sineret
1176 2077 1222 2095 res
1249 2077 1337 2103 agere
1363 2068 1499 2104 proprios
1521 2074 1625 2095 motus.
1647 2069 1681 2095 Et
1703 2068 1745 2095 sic
1771 2068 1858 2094 etiam
1883 2068 1953 2094 fecit
1979 2068 2130 2094 mulierem

656 2115 762 2142 bonam
786 2120 815 2142 et
838 2115 918 2142 dedit
935 2116 954 2131 ¹³
974 2115 1143 2142 facultatem
1167 2125 1223 2151 qua
1247 2121 1348 2151 posset
1371 2116 1411 2142 uti
1435 2116 1471 2142 ad
1495 2117 1611 2147 bonum,
1631 2116 1684 2143 sed
1703 2125 1762 2142 non
1785 2115 1824 2142 ita
1845 2116 1913 2151 quin
1934 2116 1961 2142 in
1982 2120 2131 2151 potestate

656 2172 708 2189 sua
722 2167 799 2190 esset
819 2163 955 2190 deficere.
976 2164 1060 2191 L'nde
1081 2168 1110 2190 et
1129 2163 1166 2190 ad
1187 2166 1249 2190 eius
1268 2163 1481 2199 perfectionem
1503 2164 1629 2199 pertinet
1649 2164 1818 2199 permittere
1838 2164 1914 2190 mala
1931 2166 1949 2179 ¹⁴
1969 2172 2005 2190 ex
2026 2163 2132 2199 quibus

655 2211 732 2237 bona
753 2210 840 2237 elicit.

745 2458 853 2482 ¹unum
873 2456 1032 2491 pertinens]
1053 2457 1096 2483 bis
1115 2457 1144 2483 S.
1174 2473 1206 2477 —
1236 2457 1246 2473 ‘³
1259 2467 1314 2484 om.
1335 2458 1368 2485 C.
1389 2474 1421 2477 —
1450 2458 1460 2473 ³
1474 2457 1610 2484 mulieres
1631 2457 1663 2484 C.
1684 2473 1717 2476 —
1747 2459 1755 2472 ¹
1770 2457 1892 2492 produci
1914 2456 1996 2491 illud]
2016 2456 2078 2483 fieri
2100 2456 2130 2482 id

655 2500 686 2526 C.
708 2515 740 2518 —
761 2501 771 2515 ⁵
784 2500 878 2526 Deum
898 2501 966 2526 add.
988 2500 1020 2527 C.
1041 2517 1074 2520 —
1093 2502 1104 2515 ⁰
1118 2501 1210 2527 Deum
1232 2501 1324 2535 cuius]
1345 2502 1399 2528 Dei
1421 2501 1453 2528 C.
1473 2517 1507 2520 —
1529 2502 1538 2516 ⁷
1551 2505 1580 2528 et
1599 2500 1666 2527 ideo
1686 2501 1756 2527 add.
1776 2500 1808 2527 C.
1829 2516 1862 2519 —
1891 2501 1902 2516 ⁸
1916 2499 2075 2535 spiritualis
2095 2499 2128 2526 C.

654 2559 687 2562 —
707 2544 718 2559 ⁹
731 2544 809 2578 quod
828 2544 862 2577 S;
876 2544 907 2570 in
928 2544 995 2579 quia
1014 2553 1090 2571 corr.
1111 2551 1144 2571 21·
1161 2554 1198 2571 m.
1213 2545 1241 2571 S.
1262 2561 1295 2564 —
1317 2546 1338 2561 ¹⁰
1350 2545 1404 2572 sed
1423 2545 1456 2572 C.
1477 2561 1510 2564 —
1531 2547 1551 2561 ¹¹
1564 2544 1724 2580 perfectior
1743 2545 1798 2579 est]
1818 2544 1932 2571 scilicet
1951 2548 1997 2571 est
2015 2543 2131 2579 perfee-

653 2587 710 2613 tior
730 2587 762 2614 C.
783 2603 815 2606 ——-
839 2588 858 2603 ¹²
871 2592 901 2614 et
914 2603 946 2607 ἡ
961 2588 1163 2622 intentionem]
1184 2597 1239 2615 om.
1261 2589 1293 2616 C.
1314 2605 1347 2608 —
1370 2589 1389 2605 ¹³
1403 2589 1429 2615 ei
1449 2589 1520 2615 add.
1541 2588 1574 2615 C.
1595 2604 1628 2608 -—
1651 2590 1669 2604 ¹⁴
1683 2588 1747 2614 fieri
1766 2588 1834 2614 add.
1857 2587 1891 2615 C.

743 2703 781 2735 (l)
803 2702 862 2729 esr.
882 2711 930 2738 pp.
951 2704 1079 2730 259-260.
1099 2719 1131 2722 ——
1153 2705 1192 2736 (2)
1207 2703 1267 2730 Cfr.
1287 2713 1314 2740 p.
1335 2705 1395 2737 259,
1415 2713 1441 2730 n.
1461 2706 1510 2738 (1).
