2493 3458
479 1189 482 1191 -
500 1154 564 1180 cod.
580 1154 603 1179 V

471 1190 518 1215 iol.
530 1191 582 1216 264
595 1190 633 1215 Rb

661 432 708 456 102
1021 424 1209 456 MAGISTRl
1239 429 1456 456 (JODEFRIDI
1488 429 1538 456 DE
1568 429 1765 456 FONTIBUS

657 526 816 561 respectu
845 519 1069 557 differentiae,
1097 530 1181 561 ergo
1210 530 1229 550 a
1255 520 1363 550 forma
1390 530 1457 550 una
1487 519 1610 561 lapidis
1640 526 1690 551 est
1716 519 1874 561 accipere
1899 519 2125 552 differentiam

657 582 690 608 et
715 588 836 617 genus.

746 634 894 665 Ulterius
912 634 1012 666 etiam
1040 634 1176 666 ‹istendi
1204 640 1317 676 putes't
1344 635 1436 675 qucul
1463 645 1531 666 non
1561 641 1674 676 potest
1702 635 1733 666 in
1760 645 1889 675 genere
1914 635 2127 666 substantiae

657 703 733 723 esse
774 691 901 733 aliquid
943 693 1035 733 quod
1076 692 1118 723 sit
1158 692 1350 723 substantia
1391 698 1533 730 tantum,
1559 693 1631 723 sivit
1668 703 1781 733 genus
1816 697 1957 729 tantum,
1991 699 2023 724 et
2057 704 2126 724 non

657 749 793 791 species
812 749 1070 791 specialissima,
1089 750 1308 781 ‹is-tendendo
1327 750 1421 790 quod
1447 750 1620 791 quaelibet
1646 749 1916 781 substantialitas·
1943 757 1994 782 est
2019 750 2127 792 speci-

658 807 732 845 fica,
763 813 794 838 et
823 808 915 838 nulla
945 807 1054 838 forma
1083 807 1221 848 generis
1250 807 1438 838 subalterni
1469 808 1519 838 vvl
1546 807 1796 848 generalissimi
1827 807 1962 839 realiter
1987 815 2037 839 est
2063 808 2127 839 alia

657 865 700 896 ab
726 864 809 906 ipsis
834 864 1025 906 specificis-3
1055 865 1135 906 quia
1164 865 1337 905 quaelibet
1367 865 1475 896 forma
1505 864 1537 896 in
1567 876 1695 905 genere
1725 865 1938 896 substantiae
1971 871 2022 897 est
2050 866 2128 897 sub-

656 922 860 954 stantialitas
885 923 1055 964 quaedam
1089 922 1334 958 essentialiter:
1365 933 1470 964 quare
1503 923 1695 954 substantia
1730 922 1762 954 in
1796 923 1971 955 communi
2004 923 2128 955 dicitur

657 981 700 1013 de
728 979 811 1022 ipsis
840 980 990 1012 univoce
1015 985 1047 1012 et
1075 979 1312 1012 essentialiter.
1339 980 1431 1023 Ergo
1460 980 1653 1012 substantia
1682 980 1879 1022 praedicata
1905 981 1947 1012 de
1973 980 2128 1022 pluribus

657 1037 691 1070 in
716 1048 846 1080 genere
871 1037 1085 1070 substantiae
1110 1048 1181 1070 non
1209 1044 1324 1080 potest
1346 1048 1423 1070 esse
1449 1038 1514 1069 alia
1539 1038 1647 1069 forma
1673 1038 1773 1069 realis
1799 1038 1842 1069 ab
1860 1037 1923 1069 illis
1941 1038 1984 1069 de
2002 1038 2128 1080 quibus

658 1095 896 1138 praedicatum
926 1106 1010 1137 ergo
1039 1102 1091 1128 est
1115 1095 1225 1127 solum
1252 1106 1379 1127 nomen
1409 1106 1595 1127 commune
1625 1095 1818 1127 secundum
1845 1095 1993 1137 aliquam
2022 1106 2125 1127 unam

658 1165 878 1186 communem
904 1153 1069 1185 rationem
1097 1164 1198 1195 quam
1225 1153 1396 1195 significat
1421 1153 1624 1191 substantia,
1651 1159 1686 1184 ut
1711 1159 1762 1184 est
1795 1155 1798 1193 Ι
1831 1164 1945 1195 genus
1971 1153 2127 1195 primum.

658 1212 806 1243 Constat
833 1211 921 1243 enim
950 1211 1043 1253 quod
1071 1210 1152 1243 niliil
1181 1217 1295 1253 potest
1325 1210 1391 1242 (lici
1419 1222 1496 1242 esse
1524 1210 1716 1242 substantia
1746 1210 1810 1242 nisi
1837 1210 1879 1242 sit
1904 1210 2016 1252 aliqua
2042 1211 2129 1242 baec

657 1268 858 1301 substantia.
878 1269 913 1301 Si
940 1274 1053 1300 autem
1079 1268 1207 1310 aliquid
1233 1274 1284 1300 est
1309 1269 1396 1300 haec
1422 1268 1613 1300 substantia
1644 1268 1838 1310 singularis,
1857 1268 2129 1300 substantialitas

657 1337 746 1368 quae
775 1326 994 1369 praedicatur
1022 1326 1064 1358 (le
1094 1326 1168 1368 ipsa
1198 1332 1230 1358 et
1262 1327 1305 1358 de
1338 1336 1558 1368 quacumque
1588 1326 1652 1357 alia
1682 1326 1900 1368 praedicatur
1928 1326 1972 1358 de
2003 1326 2129 1358 talibus

656 1391 692 1416 ut
710 1384 813 1426 quid¹
838 1395 1032 1416 commune.
1052 1384 1145 1425 Ergo
1163 1395 1240 1416 cum
1267 1384 1348 1416 illud
1367 1384 1461 1426 quod
1479 1390 1531 1416 est
1555 1383 1749 1415 substantia
1775 1389 1917 1423 tantum,
1935 1381 2129 1416 secundum

656 1442 739 1474 istos
770 1442 812 1474 sit
845 1443 932 1474 haec
965 1441 1158 1474 substantia
1191 1452 1252 1484 per
1286 1453 1384 1473 suam
1414 1441 1749 1479 substantialitatem,
1783 1448 1816 1473 et
1845 1441 1924 1473 illud
1954 1442 2047 1483 quod
2077 1447 2130 1473 est

656 1511 784 1542 corpus
810 1500 911 1532 etiam
940 1500 983 1532 sit
1011 1501 1098 1532 haec
1127 1499 1319 1532 substantia
1349 1511 1410 1541 per
1438 1499 1548 1542 ipsam
1578 1499 1853 1542 corporeitatem.
1879 1506 1912 1531 et
1937 1499 2129 1532 substantia

655 1558 854 1600 praedicata
886 1558 929 1590 de
962 1558 1045 1600 ipsis
1078 1564 1130 1590 est
1162 1557 1244 1599 quid
1277 1568 1461 1590 commune
1502 1557 1595 1599 quod
1627 1563 1678 1589 est
1709 1568 1833 1601 genuS,
1867 1563 1925 1590 aut
1956 1568 2040 1600 ergo
2077 1564 2129 1590 est

654 1627 767 1659 genus
792 1616 913 1648 dicens
942 1627 1011 1648 rem
1037 1615 1136 1648 aliam
1167 1616 1209 1647 ab
1239 1622 1382 1657 utraque
1412 1615 1528 1647 talium
1558 1615 1752 1658 specierum
1782 1621 1814 1647 et
1843 1615 1892 1647 sic
1918 1621 2010 1648 esset
2035 1615 2129 1648 abire

655 1674 688 1706 in
716 1674 896 1713 infinitum,
925 1679 983 1706 aut
1011 1685 1081 1706 non
1111 1673 1192 1706 dicit
1220 1685 1290 1706 rem
1317 1673 1426 1705 aliam.
1447 1673 1518 1705 Sed
1547 1684 1615 1715 qua
1643 1673 1777 1705 ratione
1803 1673 1885 1705 illud
1914 1684 2028 1716 genus
2057 1684 2128 1705 non

655 1732 736 1764 dicit
765 1743 835 1765 rem
863 1732 963 1764 aliam
992 1743 1010 1764 a
1039 1731 1110 1764 suis
1138 1731 1263 1764 talibus
1292 1731 1488 1774 speciebus,
1507 1732 1628 1763 eadem
1655 1731 1787 1763 ratione
1811 1741 1876 1763 nec
1902 1731 2015 1770 aliud;
2045 1742 2129 1775 ergo

655 1790 892 1822 universaliter
931 1790 1061 1822 nullum
1095 1800 1208 1833 genus
1249 1789 1330 1821 dicit
1370 1800 1439 1821 rem
1473 1789 1573 1821 aliam
1607 1800 1626 1820 a
1666 1789 1737 1821 suis
1777 1789 1972 1831 speciebus.
2012 1789 2129 1830 Quare

654 1848 767 1880 omnis
792 1848 901 1880 forma
930 1847 1028 1880 realis
1058 1847 1091 1879 in
1120 1858 1342 1889 quocumque
1371 1857 1501 1890 genere
1529 1853 1581 1879 est
1609 1847 1732 1879 eadem
1761 1847 1897 1879 realiter
1921 1857 2000 1879 cum
2018 1847 2129 1879 forma

653 1905 839 1948 specifica;
865 1916 971 1947 quare
1004 1906 1046 1937 ab
1076 1905 1198 1937 eadem
1232 1905 1341 1937 forma
1373 1915 1392 1936 a
1425 1915 1493 1946 qua
1521 1905 1657 1946 species
1689 1911 1742 1936 est
1770 1904 1918 1946 species,
1948 1904 2050 1936 etiam
2076 1910 2129 1937 est

652 1975 765 2007 genus
794 1964 987 1996 secundum
1016 1963 1116 1995 aliam
1144 1963 1322 2001 rationem,
1355 1962 1486 1995 scilicet
1518 1962 1733 1994 determinati
1773 1963 1826 1995 vel
1862 1962 2127 1995 indeterminati.

742 2022 784 2054 Et
816 2021 895 2054 ideo
928 2021 1029 2054 etiam
1063 2021 1193 2053 formae
1222 2020 1468 2052 substantiales
1500 2020 1652 2052 numeris
1685 2020 1758 2053 sive
1790 2020 1976 2062 speciebus
2009 2031 2127 2052 nume-

654 2090 768 2112 rorum
809 2085 1054 2122 comparantur
1093 2084 1219 2111 octavo
1251 2078 1580 2121 Metaphysicaefl).
1615 2077 1712 2110 Sicut
1744 2088 1828 2121 ergo
1861 2088 2025 2110 numerus
2057 2089 2127 2110 non

653 2137 735 2170 dicit
771 2137 919 2179 aliquam
959 2137 1102 2169 formam
1136 2136 1271 2169 realiter
1303 2135 1401 2168 aliam
1435 2146 1455 2167 a
1487 2135 1604 2167 formis
1637 2135 1859 2178 specierum'
1894 2146 2127 2175 numerorum,

654 2195 882 2237 (impossibile
898 2195 990 2227 enim
1008 2200 1060 2227 est
1077 2194 1267 2238 intelligere
1293 2194 1387 2236 quod
1405 2204 1570 2226 numerus
1587 2193 1679 2226 dicat
1699 2193 1848 2236 aliquam
1874 2193 2126 2226 multitudinem

654 2252 837 2284 discretam
870 2262 959 2294 quae
993 2261 1060 2284 nec
1092 2251 1134 2283 sit
1162 2261 1224 2293 par
1255 2261 1321 2283 nec
1342 2250 1475 2292 impar),
1509 2250 1558 2282 sic
1594 2250 1808 2292 impossibile
1837 2250 1939 2283 etiam
1969 2256 2020 2282 est
2049 2261 2127 2283 esse

654 2310 806 2342 colorem
824 2309 882 2352 qui
899 2320 970 2342 non
988 2309 1030 2341 sit
1055 2309 1165 2348 albus,
1183 2309 1237 2341 vel
1262 2308 1371 2352 niger,
1388 2309 1441 2340 vel
1466 2308 1610 2340 medius.
1636 2308 1724 2340 Nam
1750 2308 2009 2350 supponend0³
2033 2308 2127 2350 quod

653 2368 697 2400 de
725 2368 857 2400 ratione
886 2367 1011 2400 coloris
1039 2366 1082 2399 sit
1110 2367 1166 2398 lux
1194 2366 1384 2405 terminata,
1411 2365 1624 2408 impossibile
1653 2372 1705 2398 est
1733 2376 1811 2398 esse
1843 2366 1983 2398 lucem*
2014 2366 2126 2398 termi-

653 2432 779 2465 natam,
812 2426 907 2458 nullo
941 2431 1055 2457 tamen
1087 2425 1233 2457 termino
1265 2424 1491 2461 terminatam,
1525 2429 1558 2456 et
1586 2423 1799 2466 impossibile
1828 2429 1880 2456 est
1907 2424 2020 2456 lucem
2049 2434 2126 2456 esse

745 2602 751 2616 ¹
772 2601 850 2636 quod
870 2601 900 2627 P.
921 2614 953 2620 -
974 2600 984 2616 ²
1002 2600 1158 2636 speciebus
1178 2600 1208 2626 P.
1229 2615 1260 2619 —
1286 2601 1296 2616 ³
1315 2600 1470 2635 supposito
1491 2599 1521 2626 P.
1542 2615 1574 2618 —
1595 2601 1604 2615 ⁴
1624 2608 1689 2626 esse
1712 2599 1816 2633 lucem]
1840 2599 1933 2626 lucem
1954 2607 2019 2625 esse
2042 2599 2073 2625 P.
2094 2613 2127 2618 ——-

742 2728 781 2759 (1)
802 2727 1035 2753 Aristotelis
1056 2727 1280 2762 Aletaphysicae,
1300 2727 1317 2752 1.
1338 2727 1401 2758 VII,
1422 2727 1467 2760 [al.
1488 2726 1577 2760 V111],
1597 2735 1620 2753 c.
1641 2728 1665 2753 3.
1685 2729 1724 2761 (p.
1746 2727 1833 2753 1043).
