2493 3458
687 419 738 444 252
1053 416 1243 445 MAGISTRI
1273 418 1491 445 GODEFRIDI
1522 419 1572 446 DE
1602 415 1798 447 FONTIBUS

688 508 865 540 existentis
902 519 961 551 per
997 520 1033 539 se
1071 508 1102 540 in
1136 509 1225 547 loco,
1251 508 1339 541 sicut
1375 515 1673 541 commensuratur
1707 510 1900 541 secundum
1933 516 2098 552 quantum
2124 516 2158 542 et

687 566 889 598 continuum
916 566 1191 598 dimensionibus
1209 567 1285 605 loci,
1305 567 1354 599 sic
1372 573 1697 599 commensurantur
1721 567 1770 598 eis
1796 568 1988 599 seeundum
2015 568 2157 600 multum

688 630 720 655 vt
746 635 935 655 numerum.
962 624 1049 655 Nam
1076 635 1192 655 verum
1230 630 1281 656 est
1317 624 1406 656 enim
1444 625 1537 665 quod
1574 636 1701 667 corpus
1738 625 1870 656 absolvi
1909 631 2023 667 potest
2047 636 2066 657 a
2091 625 2157 658 situ

687 681 785 713 loculi
811 681 866 723 qui
894 687 945 713 est
971 681 1038 719 ubi,
1065 681 1114 713 sic
1150 682 1243 723 quod
1280 688 1395 724 potest
1420 693 1498 714 esse
1535 682 1633 714 simul
1660 693 1737 714 cum
1764 682 1879 724 aliquo
1909 694 2056 725 corpore
2092 683 2158 714 alio

688 739 781 780 quod
807 750 868 780 per
892 750 930 770 se
955 745 1006 770 est
1032 739 1064 770 in
1090 740 1168 771 loco
1194 740 1385 771 seeundum
1412 740 1513 771 situm
1540 739 1596 781 qui
1623 746 1674 771 est
1695 740 1762 771 ubi.
1783 742 1939 782 Corpora
1964 740 2054 772 enim
2081 752 2158 772 esse

687 797 787 828 simul
838 807 907 828 non
956 797 1149 838 impediunt
1195 797 1431 829 dimensiones
1480 804 1620 839 propter
1667 798 1853 829 essentiam
1902 798 2156 830 dimensionum

688 855 880 886 secundum
905 864 954 894 se,
991 855 1052 886 sed
1090 861 1228 896 propter
1252 855 1353 886 situm
1390 866 1491 896 quem
1530 862 1630 886 natat·
1656 862 1735 886 sunt
1772 856 1899 887 habere
1925 855 1957 887 in
1996 856 2075 888 loco
2101 856 2158 898 qui

688 918 740 944 est
775 911 938 943 accidens
975 911 1228 944 dimensivum¹
1273 919 1305 944 et
1345 924 1364 944 a
1404 924 1473 954 quo
1514 913 1637 945 virtute
1679 913 1794 944 divina
1831 913 1963 945 absolvi
2001 920 2158 955 possunt.

691 971 834 1011 l'ropter
859 969 949 1001 illum
975 970 1065 1001 enim
1092 970 1192 1001 situm
1220 969 1276 1011 qui
1302 970 1383 1002 dicit
1406 971 1561 1002 ordinem
1580 971 1623 1002 ad
1645 971 1757 1002 locum
1783 977 1928 1012 tangunt
1946 982 1983 1002 se
2001 982 2159 1013 corpora,

687 1033 721 1059 et
745 1033 863 1059 tenent
889 1038 926 1059 se
951 1033 1044 1059 extra
1069 1038 1117 1067 se,
1143 1034 1176 1059 et
1201 1039 1237 1059 se
1263 1034 1442 1069 penetrare
1477 1039 1546 1059 non
1585 1034 1742 1070 possunt,
1768 1034 1801 1060 et
1837 1030 1903 1060 hoc
1939 1035 1990 1060 est
2026 1035 2161 1071 praeter

688 1085 873 1117 essentiam
914 1085 1169 1117 dimensionum
1210 1086 1282 1117 sive
1322 1086 1487 1118 accidens
1528 1086 1611 1128 ipsis
1651 1086 1928 1117 dimensionibus
1970 1093 2003 1118 et
2043 1097 2160 1128 super-

687 1143 886 1175 naturaliter
910 1143 1112 1185 separabile.
1137 1143 1177 1174 Et
1203 1143 1252 1175 sie
1277 1154 1405 1185 eorpus
1430 1154 1574 1175 manens
1592 1154 1720 1185 corpus
1739 1150 1852 1185 potest
1870 1144 1962 1175 aliud
1981 1150 2159 1185 penetrare

688 1202 821 1242 absque
846 1201 900 1232 tali
927 1201 1130 1238 resistentia,
1156 1207 1188 1232 et
1214 1201 1240 1232 si
1267 1201 1346 1232 illud
1379 1212 1506 1243 corpus
1541 1212 1618 1232 cum
1644 1213 1714 1242 quo
1749 1201 1798 1232 sic
1831 1208 1883 1233 est
1915 1202 2018 1240 aliud,
2043 1208 2095 1234 est
2126 1202 2159 1234 in

688 1259 776 1296 loco,
813 1265 894 1290 tune
931 1259 1031 1290 etiam
1069 1270 1195 1300 eorpus
1237 1259 1331 1300 quod
1367 1258 1416 1289 sic
1457 1265 1612 1300 penetrat
1654 1265 1705 1291 est
1745 1259 1777 1290 in
1814 1259 1893 1291 loco
1933 1260 2056 1291 eodem
2100 1271 2162 1302 per

689 1317 861 1348 accidens.
899 1316 995 1349 Sicut
1031 1317 1120 1348 enim
1158 1316 1228 1347 duo
1264 1327 1353 1357 quac
1390 1323 1470 1348 sunt
1501 1317 1637 1348 diversa
1679 1328 1739 1358 per
1775 1316 1960 1349 essentiam
1997 1323 2030 1348 et
2055 1328 2160 1349 unum

689 1374 857 1412 subiecto,
883 1374 963 1415 quia
1000 1385 1104 1405 unum
1141 1374 1236 1406 alteri
1274 1363 1429 1406 inliaeret
1468 1374 1568 1405 simul
1601 1381 1691 1412 sunt,
1717 1374 1797 1416 quia
1829 1374 1965 1407 diversa
1988 1375 2065 1406 loca
2090 1386 2160 1407 non

690 1433 818 1464 habent
844 1438 879 1464 ut
915 1431 1107 1464 accidentia
1133 1432 1229 1473 plura
1265 1442 1343 1463 eum
1381 1432 1548 1470 subiecto,
1587 1432 1631 1463 ita
1667 1432 1768 1463 etiam
1805 1432 1934 1474 aliquid
1967 1432 2162 1464 subsistens

689 1501 759 1521 non
786 1495 950 1531 quantum
978 1496 1091 1531 potest
1117 1500 1194 1520 esst·
1219 1500 1297 1521 eum
1324 1489 1390 1521 alio
1425 1489 1635 1521 subsistente
1672 1495 1802 1531 quanto
1840 1496 1875 1522 ut
1912 1489 2050 1531 spiritus
2083 1501 2160 1522 cum

690 1559 834 1590 corpore
868 1548 961 1589 quod
999 1553 1164 1589 penetrat,
1202 1548 1252 1578 vel
1294 1547 1348 1579 cui
1386 1547 1534 1578 illabitur
1569 1553 1602 1579 et
1638 1549 1705 1579 hoe
1739 1547 1945 1585 naturaliter,
1979 1554 2012 1580 et
2044 1558 2162 1590 super·

690 1605 888 1637 naturaliter
920 1605 1020 1636 etiam
1058 1616 1185 1647 corpus
1221 1616 1298 1636 cum
1333 1615 1480 1647 corpore
1517 1605 1609 1636 dicto
1645 1605 1761 1644 modo,
1786 1616 1857 1636 non
1883 1611 2012 1637 mutata
2041 1611 2163 1637 natura

690 1674 762 1702 sua,
789 1674 854 1695 nec
879 1663 953 1705 ipsa
979 1674 1048 1695 una
1078 1663 1169 1695 facta
1194 1674 1271 1695 cum
1298 1663 1373 1702 alia,
1398 1663 1460 1695 sed
1486 1669 1602 1694 amoto
1631 1675 1673 1694 eo
1703 1674 1772 1704 quo
1803 1663 2054 1705 impediebatur
2085 1673 2162 1695 esse

691 1721 790 1753 simul
815 1732 892 1753 eum
918 1721 993 1752 alio.
1020 1721 1090 1752 sed
1116 1731 1244 1762 corpus
1269 1731 1340 1752 non
1366 1727 1480 1762 potest
1505 1720 1637 1753 absolvi
1663 1731 1681 1752 a
1718 1720 1784 1752 situ
1809 1720 2105 1753 determinationis
2129 1726 2163 1752 et

690 1779 900 1811 definitionis
925 1790 994 1820 quo
1020 1785 1155 1820 oportet
1181 1778 1292 1820 ipsum
1319 1778 1363 1810 ita
1389 1789 1466 1810 esse
1493 1778 1547 1810 liic
1573 1779 1666 1820 quod
1692 1789 1762 1810 non
1788 1778 1877 1810 alibi.
1904 1778 2006 1810 Unde
2035 1788 2162 1820 corpus

690 1837 890 1879 gloriosum,
916 1837 1011 1878 quod
1037 1836 1175 1878 ponitur
1200 1847 1268 1868 non
1296 1837 1423 1868 habere
1449 1836 1548 1868 situm
1586 1842 1622 1868 ut
1659 1836 1692 1868 in
1728 1837 1807 1868 loco
1832 1836 1925 1868 dicto
1950 1836 2065 1875 modo,
2090 1847 2162 1868 non

690 1901 805 1937 potest
830 1901 943 1926 tamen
981 1894 1113 1926 absolvi
1150 1905 1168 1925 a
1194 1893 1260 1925 situ
1297 1894 1592 1926 determinationis
1618 1900 1653 1925 ut
1691 1894 1801 1936 possit
1829 1904 1907 1925 esse
1944 1894 2000 1926 hic
2025 1900 2058 1926 et
2083 1893 2162 1926 alibi

690 1964 752 1995 per
776 1951 1096 1984 determinationem
1123 1951 1336 1983 diversorum
1362 1951 1488 1983 situum
1515 1963 1577 1993 per
1600 1962 1638 1983 se
1663 1951 1728 1983 nisi
1754 1951 2057 1990 sacramentaliter,
2083 1951 2164 1993 quia

690 2011 740 2042 sic
765 2016 857 2042 esset
882 2015 976 2042 extra
1001 2010 1114 2041 locum
1141 2009 1232 2041 illum
1258 2015 1290 2041 et
1315 2020 1386 2040 non
1411 2015 1515 2047 extra,
1534 2016 1570 2041 ut
1588 2009 1801 2051 praedictum
1827 2015 1889 2047 est,
1911 2015 2052 2051 propter
2068 2009 2163 2051 quod

690 2078 768 2099 esse
792 2079 898 2099 unum
925 2078 1052 2109 corpus
1078 2067 1128 2099 sic
1153 2066 1186 2098 in
1213 2067 1368 2108 pluribus
1392 2066 1478 2098 locis
1504 2066 1655 2108 implicat
1679 2066 1956 2098 crmtradictoria.

780 2126 820 2157 Et
845 2126 912 2157 hoe
937 2125 1036 2156 etiam
1063 2124 1113 2157 sic
1139 2130 1240 2166 patet.
1267 2124 1409 2156 Materia
1434 2124 1553 2166 recipit
1578 2125 1721 2156 sormam
1748 2124 1946 2157 sensibilem
1971 2135 2033 2167 per
2057 2135 2163 2166 quan-

690 2183 820 2215 titatem
846 2189 879 2215 et
904 2183 1005 2215 etiam
1031 2193 1092 2224 per
1108 2182 1333 2224 quantitatem
1359 2182 1607 2214 determinatur
1631 2183 1674 2214 ad
1699 2183 1824 2214 locum.
1844 2182 1918 2214 Nisi
1943 2182 2033 2214 enim
2056 2193 2163 2224 quan-

689 2241 768 2273 titas
793 2247 884 2273 esset
909 2240 943 2272 in
968 2240 1119 2279 materia,
1145 2246 1178 2272 et
1206 2240 1315 2271 forma
1340 2239 1373 2271 in
1403 2250 1444 2272 ea
1481 2246 1620 2282 recepta
1655 2251 1725 2271 non
1763 2246 1856 2272 esset
1891 2239 2065 2272 sensibilis
2100 2240 2163 2272 sed

690 2298 932 2341 intelligibilis:
959 2298 1130 2330 intellecta
1148 2297 1248 2329 etiam
1275 2298 1416 2330 materia
1441 2297 1515 2329 sine
1540 2297 1730 2339 quantitate
1756 2297 1820 2329 iam
1847 2308 1917 2329 non
1939 2303 1991 2329 est
2015 2297 2049 2329 in
2073 2298 2162 2329 loco.

691 2356 782 2398 Quia
800 2367 884 2399 ergo
909 2356 1050 2388 materia
1068 2361 1119 2387 est
1144 2361 1287 2387 extensa
1311 2366 1374 2397 per
1397 2355 1633 2397 quantitatem,
1651 2355 1685 2387 in
1704 2355 1848 2387 diversis
1873 2355 2027 2397 partibus
2049 2360 2165 2397 potest

690 2415 845 2456 recipere
863 2414 1017 2446 diversas
1032 2414 1160 2445 formas
1174 2413 1276 2444 etiam
1293 2413 1491 2445 contrarias.
1507 2412 1578 2445 Sed
1592 2412 1806 2455 impossibile
1820 2419 1872 2444 est
1885 2414 1953 2444 hoe
1970 2413 2161 2444 secundum

691 2473 838 2505 eandem
856 2478 986 2515 partem
1012 2471 1175 2503 materiae
1200 2471 1274 2502 sive
1299 2471 1394 2512 quod
1419 2471 1612 2503 secundum
1637 2471 1784 2503 eandem
1809 2477 1942 2512 partem
1965 2470 2164 2512 quantitatis

691 2531 845 2570 diversas
874 2530 1002 2561 formas
1029 2528 1180 2570 recipiat,
1207 2534 1244 2560 ut
1271 2528 1402 2560 seilicet
1430 2529 1623 2561 secundum
1648 2528 1737 2560 idem
1764 2528 1807 2560 sit
1831 2528 1945 2560 album
1970 2534 2003 2560 et
2027 2527 2163 2570 nigrum

691 2595 724 2621 et
749 2589 791 2620 sit
816 2588 928 2620 album
954 2598 1026 2619 non
1051 2586 1167 2618 album
1192 2592 1226 2618 et
1250 2592 1374 2618 cetera.
1394 2585 1556 2618 Similiter
1580 2586 1682 2618 etiarn
1700 2585 1841 2618 materia
1865 2586 2059 2618 secundum
2084 2596 2164 2617 ean-

782 2719 790 2734 ¹
810 2717 1023 2744 dimensionum
1044 2717 1076 2743 V.
