2493 3458
793 432 967 459 TERTIUM
997 432 1295 466 QUODLIBETUM,
1324 432 1359 458 O.
1390 433 1401 458 Ι
1786 434 1828 458 161

1329 457 1349 467 ιι

365 521 533 553 rationem
574 521 818 553 Parmenidis¹
868 521 984 553 onmia
1024 527 1140 553 essent
1180 533 1286 553 unum
1326 521 1469 553 realiter.
1518 522 1555 554 Si
1595 522 1695 554 etiam
1742 528 1835 554 esset

366 579 493 620 aliquid
525 579 591 610 tale
612 578 622 595 ²
664 579 696 610 in
732 590 777 616 re,
811 578 924 621 ipsum
961 579 1105 610 maxime
1141 585 1233 611 esset
1266 589 1372 611 causa
1403 579 1556 610 omnium
1590 579 1728 611 entium.
1763 580 1833 612 Sed

366 637 558 668 secundum
592 637 842 678 Philosophum
868 639 924 676 (1),
954 636 1090 668 decimo
1126 636 1396 678 Metaphysicae,
1429 637 1622 668 substantia
1654 648 1743 678 quae
1784 643 1834 669 est

365 705 526 726 mensura
562 700 594 726 et
626 704 731 726 causa
768 694 896 725 entium
932 704 1003 725 non
1040 694 1117 725 θεῖ3
1152 705 1214 725 ens
1248 695 1361 736 ipsum
1397 695 1448 726 vel
1486 706 1591 726 unum
1624 694 1747 736 ipsum,
1773 696 1835 727 sed

364 752 504 793 aliquod
537 763 599 784 ens
630 757 663 783 et
691 752 829 793 aliquod
862 762 990 789 unum3
1024 752 1116 793 quod
1150 752 1288 793 quidem
1318 757 1369 783 est
1402 758 1480 784 ente
1510 752 1747 794 particularius
1781 753 1835 785 vel

364 809 506 841 inferius
540 821 601 851 per
636 809 940 851 praedicationem,
968 820 1038 841 non
1064 816 1178 841 tamen
1215 810 1337 841 virtute
1377 816 1409 841 et
1445 810 1661 848 causalitate,
1695 817 1727 842 et
1756 810 1834 842 ideo

363 878 434 899 non
463 873 514 899 est
546 878 607 899 ens
633 878 694 908 per
727 866 1036 908 participationem,
1067 867 1129 898 sed
1166 878 1226 908 per
1253 867 1448 906 essentiam,
1485 873 1593 898 totum
1630 879 1691 899 ens
1728 868 1761 899 in
1798 880 1835 900 se

363 925 466 966 ipso⁴
503 925 688 956 virtualiter
723 930 755 956 et
789 924 998 956 causaliter5
1037 925 1265 965 praehabens.
1302 925 1380 957 Hoc
1420 931 1533 956 autem
1566 926 1658 966 quod
1695 926 1744 957 sic
1784 932 1836 957 est

364 993 425 1014 ens
450 993 521 1014 non
550 982 733 1014 universali
760 982 903 1021 ratione,
934 983 995 1014 sed
1022 982 1205 1013 universali
1230 982 1353 1014 virtute
1383 988 1415 1014 et
1441 983 1652 1021 causalitate,
1679 983 1758 1024 quia
1783 989 1835 1015 est

362 1051 446 1082 pure
472 1051 544 1078 ens,
578 1042 581 1080 Ι
614 1046 647 1071 θῖ
671 1040 827 1077 max³me,
860 1047 912 1071 est
943 1051 984 1071 ex
1014 1040 1111 1071 cuius
1141 1040 1270 1071 unitate
1300 1046 1352 1071 est
1382 1041 1580 1072 communio
1606 1052 1694 1081 quae
1720 1047 1771 1072 est
1800 1041 1833 1072 in

363 1097 491 1129 entium
522 1097 652 1129 ordine.
682 1097 930 1129 Universalitas
966 1108 1050 1138 ergo
1080 1097 1221 1129 rationis
1253 1098 1287 1129 in
1317 1108 1422 1129 causa
1454 1109 1525 1129 non
1554 1098 1669 1130 tribuit
1700 1100 1834 1130 univer-

363 1155 531 1187 salitatem
556 1155 776 1187 causalitatis.
807 1156 912 1186 Immo
944 1166 1092 1187 necesse
1118 1161 1169 1187 est
1205 1155 1313 1186 illud‘3
1345 1156 1439 1197 quod
1469 1161 1520 1187 est
1549 1166 1655 1187 causa
1681 1156 1834 1188 omnium

362 1224 439 1245 esse
464 1212 591 1254 aliquid
623 1213 657 1244 in
692 1224 729 1244 se
761 1214 803 1244 ab
839 1213 1000 1244 omnibus
1036 1213 1222 1244 formaliter
1247 1213 1445 1245 distinctum
1472 1219 1504 1245 et
1539 1224 1611 1245 non
1640 1215 1833 1245 secundum

361 1271 528 1303 rationem
547 1271 776 1302 universalem
795 1271 838 1302 de
857 1270 1017 1302 omnibus
1036 1270 1282 1312 praedicatum.
1309 1271 1379 1302 Sed
1398 1271 1473 1312 ipsa
1497 1271 1664 1312 perfectio
1683 1271 1833 1303 entitatis

361 1329 477 1360 tribuit
502 1328 794 1360 universalitatem
826 1328 1058 1363 catlsalitatis:
1092 1329 1185 1360 unde
1222 1329 1510 1370 perfectissimum
1538 1329 1570 1360 in
1600 1329 1737 1361 entibus
1762 1340 1833 1361 non

361 1387 553 1418 secundum
580 1386 727 1427 aliquam
760 1386 926 1417 rationem
961 1388 964 1426 l
998 1386 1226 1418 universalem
1253 1386 1391 1424 dictum,
1423 1387 1485 1418 sed
1517 1387 1710 1418 secundum
1736 1398 1832 1418 suam

361 1445 539 1475 formalem
569 1444 743 1475 entitatem
771 1445 813 1475 ab
840 1444 1000 1475 omnibus
1019 1443 1216 1475 distinctum
1237 1450 1287 1475 est
1313 1444 1465 1475 omnium
1492 1455 1606 1475 causa.
1631 1445 1833 1477 Secundum

361 1503 429 1534 hoc
465 1512 549 1544 ergo
586 1512 726 1533 causam
765 1501 918 1533 omnium
954 1513 1023 1533 non
1062 1501 1230 1533 debemus
1267 1513 1432 1543 quaerere
1466 1513 1527 1533 ens
1558 1503 1652 1543 quod
1689 1502 1731 1533 sit
1757 1514 1833 1534 esse

361 1560 483 1598 solum,
528 1560 589 1591 sed
627 1559 767 1600 aliquod
805 1570 876 1590 ens.
915 1560 1031 1599 Quare
1074 1570 1139 1591 nec
1176 1559 1208 1590 in
1250 1565 1393 1591 causato
1434 1560 1602 1591 debemus
1643 1560 1833 1603 intelligere

360 1617 488 1659 aliquid
524 1628 601 1649 esse
630 1618 723 1658 quod
760 1617 801 1648 sit
837 1628 915 1648 esse
951 1617 1073 1653 solum,
1111 1628 1175 1649 nec
1213 1618 1381 1649 debemus
1418 1617 1608 1661 intelligere
1648 1629 1718 1650 rem
1756 1629 1833 1650 esse

360 1681 536 1707 causatam
563 1686 581 1706 a
607 1675 715 1716 prima
741 1675 893 1706 omnium
920 1685 1026 1706 causa
1052 1676 1244 1706 secundum
1270 1675 1437 1707 rationem
1471 1675 1642 1707 essentiae
1676 1676 1729 1708 vel
1754 1688 1833 1708 esse

360 1733 481 1771 solum,
508 1733 569 1764 sed
595 1733 788 1764 secundum
815 1743 892 1764 esse
917 1732 1180 1764 determinatum
1207 1733 1300 1774 quod
1326 1734 1430 1764 habet
1456 1733 1488 1764 in
1514 1744 1626 1765 rerum
1652 1739 1773 1765 natura
1798 1740 1834 1765 ut

361 1790 585 1822 determinata
611 1796 663 1822 est
699 1790 733 1821 in
770 1791 930 1822 essendo.
969 1790 1065 1822 Sicut
1102 1790 1191 1822 enim
1227 1802 1268 1822 ex
1304 1797 1401 1832 parte
1427 1802 1554 1823 causae
1591 1802 1653 1823 ens
1679 1792 1731 1824 vel
1756 1803 1833 1824 esse

359 1859 429 1880 non
456 1854 507 1880 est
532 1848 660 1889 aliquid
685 1854 882 1890 separatum
912 1854 1047 1889 praeter
1071 1848 1211 1889 aliquod
1237 1859 1299 1880 ens
1325 1854 1357 1880 et
1386 1849 1526 1890 aliquod
1561 1860 1638 1881 θεεθ
1663 1850 1757 1891 quod
1782 1856 1834 1882 est

359 1917 475 1945 causa,
501 1906 546 1937 ita
575 1917 615 1938 ex
640 1911 736 1947 parte
772 1906 902 1937 causati
939 1905 1052 1947 ipsum
1089 1911 1267 1937 causatum
1305 1917 1374 1937 non
1401 1912 1452 1938 est
1486 1907 1614 1948 aliquid
1640 1908 1833 1939 secundum

359 1964 544 1995 essentiam
571 1964 623 1996 vel
664 1975 741 1995 esse
767 1969 902 2005 praeter
927 1963 1008 1994 illud
1047 1964 1140 2005 quod
1168 1970 1219 1995 est
1252 1964 1516 1996 determinatum
1546 1966 1589 1996 ad
1624 1966 1725 1997 talem
1751 1966 1833 1997 enti-

358 2027 461 2053 tatem
488 2022 541 2053 vel
575 2023 619 2053 ad
649 2022 715 2053 tale
747 2032 833 2053 esse.
870 2022 967 2053 Patet
1000 2021 1102 2064 igitur
1131 2021 1261 2063 primus
1298 2021 1461 2053 articulus
1487 2023 1617 2055 scilicet
1643 2024 1736 2064 quod
1762 2035 1832 2055 non

359 2085 411 2111 est
436 2079 564 2121 aliquid
598 2079 632 2110 in
669 2090 703 2110 re
741 2090 960 2120 quacumque
993 2080 1087 2121 quod
1113 2079 1154 2110 sit
1191 2090 1269 2111 esse
1306 2080 1418 2111 solum
1455 2081 1587 2122 absque
1613 2081 1832 2123 appositione

359 2137 607 2169 determinatae
632 2137 774 2169 rationis
801 2137 951 2169 essendi.

448 2252 632 2283 Declarato
658 2251 760 2294 igitur
785 2251 895 2292 primo
922 2251 1077 2288 articulo,
1104 2252 1350 2283 declarandum
1385 2258 1436 2283 est
1472 2254 1676 2292 secundum,
1702 2254 1833 2286 scilicet

359 2310 452 2350 quod
479 2309 567 2341 sicut
593 2315 686 2341 extra
711 2309 922 2340 intellectum
959 2309 993 2340 in
1018 2310 1121 2340 rebus
1158 2320 1228 2340 non
1256 2316 1308 2341 est
1345 2310 1473 2351 aliquid
1499 2311 1592 2351 quod
1629 2311 1678 2343 sic
1703 2311 1745 2343 sit
1771 2322 1832 2343 ens

450 2453 455 2466 ¹
471 2456 499 2477 et
514 2452 555 2477 sic
571 2468 600 2470 -
617 2451 806 2485 Parmenidis]
824 2461 877 2477 0111.
899 2452 928 2477 P.
944 2467 975 2469 —
997 2452 1006 2466 2
1020 2450 1128 2485 aliquid
1143 2451 1210 2484 tale]
1232 2451 1289 2477 tale
1310 2451 1419 2486 aliquid
1439 2452 1469 2478 P.
1485 2468 1515 2470 ξ
1537 2453 1547 2467 ³
1561 2461 1614 2478 om.
1637 2453 1666 2479 P.
1687 2469 1719 2472 —
1735 2455 1743 2468 ⁴
1758 2455 1785 2479 in
1802 2470 1832 2472 —

359 2495 433 2530 ipso]
449 2504 503 2521 om.
518 2495 547 2521 P.
564 2511 594 2514 κ
611 2496 620 2510 ·“’
634 2495 799 2528 causaliter]
819 2495 846 2520 in
861 2504 891 2521 se
907 2496 935 2521 P.
952 2511 983 2513 —
998 2496 1008 2509 ⁶
1021 2495 1050 2520 id
1065 2495 1095 2521 P.

448 2603 485 2627 ‹1›
507 2600 718 2626 Aristotelis
742 2601 959 2634 ᾸΙιΐιιΙβΙι-νείςαυ
984 2601 999 2625 l.
1026 2601 1073 2630 IX,
1094 2609 1117 2626 c,
1138 2603 1154 2626 2
1175 2601 1219 2633 [dl.
1242 2601 1257 2626 l.
1278 2601 1312 2628 X.
1333 2611 1356 2626 c.
1377 2602 1402 2634 3]
1425 2608 1462 2635 tp.
1486 2603 1572 2628 1053).
1594 2604 1620 2630 EI
1634 2604 1661 2630 δὲ
1676 2603 1761 2636 μηέῑὲν
1781 2610 1831 2632 τὼν

359 2641 480 2669 καὲόλου
499 2643 607 2669 δυνατὸν
626 2641 713 2669 οὐσίαν
733 2643 804 2672 εἶναι,
820 2642 944 2677 maflines)
964 2642 988 2669 ἐν
1006 2646 1059 2672 τοῖς
1078 2645 1138 2677 περ),
1156 2642 1243 2672 οὐσίας
1263 2644 1305 2669 καὶ
1324 2645 1383 2677 περὶ
1401 2647 1447 2669 τοῦ
1467 2642 1540 2673 ὄντος
1554 2642 1653 2679 εἴρηται
1665 2645 1763 2681 λόγοις.
1778 2645 1831 2672 οὐδ’

359 2682 422 2709 αὐτὸ
441 2686 519 2709 τοῦτο
539 2683 625 2709 οὐσίαν
645 2684 680 2713 ὡς
700 2684 724 2709 ἔν
743 2694 766 2709 τι
785 2684 856 2718 παρὰ
876 2684 906 2709 τὰ
925 2685 1012 2709 πολλὰ
1031 2684 1138 2709 δυνατὸν
1158 2684 1220 2710 εἶναι
1237 2684 1333 2715 (κοινὸν
1353 2683 1413 2719 γάρ)
1432 2683 1488 2710 ἀλλ’
1511 2684 1525 2716 ἢ
1545 2685 1722 2721 κατηγόρημα
1742 2687 1830 2719 μόνον,

359 2726 437 2762 δῆλον
451 2725 486 2753 ὡς
500 2724 559 2751 οὑδὲ
573 2725 602 2750 τὸ
618 2725 650 2750 ἓν
666 2725 695 2750 τὸ
709 2726 758 2761 γὰρ
772 2725 799 2750 ὃν
814 2726 856 2752 καὶ
870 2725 900 2750 τ’)
912 2727 938 2750 ’ἐν
952 2723 1073 2751 κκὲό),ο·.ο
1087 2729 1272 2760 κατηγορεῖται
1287 2724 1398 2758 μάλιστα
1412 2725 1525 2753 πάντων.

1892 1033 1956 1059 cod.
1972 1034 1995 1058 V

1856 1069 1904 1095 fol.
1920 1071 1971 1095 272
1986 1070 2025 1094 R*

1890 1375 1953 1400 cod.
1971 1376 1990 1400 Ρ

1856 1410 1904 1436 fol.
1921 1413 1970 1436 150
1986 1411 2025 1436 Vb
