2493 3458
736 391 909 418 TERTIUM
939 392 1234 425 QUonLIBETUM,
1265 392 1298 425 Q.
1330 392 1367 417 X'l
1740 392 1789 415 213

321 485 451 515 habent
482 481 688 514 curiositatis
714 492 816 522 quain
842 481 1046 519 devotionis7
1084 481 1198 522 potius:
1224 486 1315 512 esset
1342 482 1430 512 haec
1461 480 1645 512 benedicta
1669 485 1790 511 natura

323 542 447 573 devote
487 540 666 571 adoranda
706 550 807 579 quam
847 538 1064 570 discussione
1103 538 1218 569 talium
1260 538 1501 579 quaestionum
1543 537 1677 568 curiose
1718 548 1791 578 per-

322 599 510 630 tractanda.

409 656 510 687 Unde
538 655 632 696 quod
650 655 921 686 conservabatur
939 654 981 684 ab
1000 654 1199 684 omnimoda
1224 654 1476 694 putrefactione
1496 653 1597 685 etiam
1616 653 1789 690 inchoata,

321 715 390 745 lioc
429 713 492 744 fuit
530 713 652 743 virtute
692 711 943 754 supernaturali
985 717 1017 742 et
1058 712 1272 743 miraculose.
1314 712 1416 742 Unde
1456 711 1558 742 etiam
1597 710 1789 742 secundum

321 770 556 814 Augustinum
574 772 630 810 (1),
665 770 821 801 secundo
854 769 940 800 libro
978 769 1020 799 de
1051 769 1228 809 Baptismo
1264 769 1494 809 parvulorum,
1532 768 1557 799 si
1592 767 1791 798 huiusmodi

319 833 430 860 morte
457 827 607 859 violenta
632 832 786 858 mortuus
815 837 885 857 non
916 826 1046 864 fuisset,
1076 832 1190 857 tamen
1220 827 1440 857 senescendo
1470 825 1669 856 naturaliter
1698 825 1790 856 defe-

320 886 432 925 cisset,
458 891 492 918 et
515 886 584 917 hoc
611 885 748 916 actione
773 883 874 916 calidi
902 884 1051 915 radicale
1073 883 1255 914 ⁴humidum
1281 884 1527 915 consumentis.
1555 884 1644 914 Cum
1673 888 1788 914 autem

321 954 447 986 corpus
473 948 643 974 mortuum
669 941 810 973 ulterius
836 941 1034 972 naturaliter
1059 946 1110 972 est
1128 941 1313 972 resolubile
1331 941 1364 971 in
1391 941 1524 972 cineres
1543 941 1596 972 vel
1621 941 1792 972 elementa

321 1001 459 1033 actione
488 999 663 1043 agentium
696 999 899 1031 exteriorum
930 1005 962 1030 et
991 998 1200 1037 interiorum,
1236 998 1286 1030 sic
1315 998 1416 1030 etiam
1445 998 1566 1030 fuisset
1594 998 1792 1029 naturaliter

321 1059 463 1090 ulterius
491 1058 526 1089 in
551 1058 685 1090 cineres
711 1063 744 1088 et
769 1057 936 1088 elementa
962 1057 1162 1087 resolutum.

409 1117 503 1155 Item,
529 1115 609 1157 quia
637 1114 823 1146 similitudo
853 1114 965 1145 carnis
1000 1114 1134 1155 peccati
1164 1119 1235 1145 erat
1263 1113 1297 1145 in
1326 1124 1378 1153 eo,
1409 1114 1616 1145 mutationes
1642 1119 1792 1145 aetatum

321 1173 454 1216 perpeti
486 1173 592 1205 voluit
623 1174 665 1204 ab
698 1172 773 1214 ipsa
807 1183 948 1203 exorsus
983 1171 1135 1209 infantia7
1168 1178 1203 1202 ut
1239 1172 1282 1202 ad
1319 1177 1462 1203 mortem
1500 1171 1602 1203 etiam
1638 1171 1794 1203 videatur

322 1236 529 1263 senescente
547 1231 603 1262 illo
624 1241 704 1262 caro
723 1230 901 1272 pervenire
920 1229 1085 1271 potuisse,
1104 1229 1169 1260 nisi
1187 1229 1320 1260 iuvenis
1339 1229 1459 1260 fuisset
1477 1229 1613 1261 occisus
1629 1231 1684 1269 (i).
1704 1230 1793 1260 Cum

322 1300 406 1332 ergo
435 1299 544 1332 agens
580 1288 855 1330 approximatum
890 1287 1032 1328 patienti
1063 1287 1133 1329 agit
1166 1287 1199 1318 in
1229 1287 1312 1318 illud
1344 1287 1410 1317 nisi
1450 1286 1665 1328 impediatur,
1703 1286 1793 1329 ignis

322 1347 380 1388 qui
419 1346 565 1378 maxime
601 1345 733 1377 activus
770 1351 830 1383 est,
858 1345 885 1376 si
922 1344 1042 1375 fuisset
1082 1344 1340 1386 approximatus
1381 1344 1517 1385 corpori
1543 1344 1669 1375 Christi
1705 1344 1795 1376 sicut

323 1404 493 1447 contingit
529 1403 624 1435 alteri
664 1403 810 1444 corpori,
847 1403 928 1433 illud
969 1402 1219 1433 combussisset
1258 1402 1286 1433 si
1324 1402 1446 1433 virtute
1483 1402 1735 1443 supernaturali
1761 1407 1794 1433 et

323 1461 529 1494 miraculose
564 1460 758 1503 prohibitus
802 1462 805 1501 Ι
847 1472 917 1491 non
951 1460 1072 1491 fuisset
1108 1470 1221 1502 agere,
1263 1466 1321 1490 aut
1356 1460 1468 1501 ipsum
1509 1471 1635 1501 corpus
1671 1459 1793 1491 virtute

323 1519 575 1561 supernaturali
603 1524 861 1560 praeservatum
890 1529 961 1549 non
989 1517 1111 1548 fuisset
1139 1528 1183 1549 ne
1211 1518 1405 1549 laederetur
1433 1518 1475 1548 ab
1501 1518 1592 1560 igne,
1621 1523 1724 1559 prout
1750 1517 1794 1548 (le

325 1577 433 1608 tribus
457 1576 574 1618 pueris
599 1576 634 1607 in
658 1576 794 1607 camino
820 1575 910 1618 ignis·
936 1575 1130 1618 conti[n]git
1146 1575 1163 1606 ¹.

412 1634 501 1666 Cum
534 1634 638 1677 igitur
673 1639 821 1675 ponatur
862 1633 895 1664 in
938 1633 1048 1664 forma
1088 1633 1302 1673 quaestionis
1342 1634 1435 1674 quod
1476 1633 1658 1675 supposito
1699 1633 1794 1674 quod

323 1697 444 1723 natura
470 1693 622 1723 humana
649 1691 684 1723 in
712 1691 849 1723 Christo
878 1690 943 1722 sibi
971 1690 1020 1721 sic
1047 1690 1297 1731 relinqueretur
1325 1691 1419 1731 quod
1444 1691 1575 1722 nullum
1593 1691 1795 1722 miraculum

322 1750 377 1782 vel
395 1760 484 1792 opus
502 1749 763 1791 supernaturale
780 1749 876 1780 fieret
901 1748 993 1780 circa
1017 1748 1138 1790 ipsam,
1158 1754 1269 1779 utrum
1294 1748 1544 1780 inconveniens
1567 1754 1660 1780 esset
1680 1748 1795 1780 dicere

324 1808 418 1849 quod
453 1817 581 1849 corpus
617 1807 691 1839 eius
728 1807 771 1838 ab
808 1806 889 1849 igne
922 1817 993 1837 non
1026 1806 1137 1848 potuit
1177 1806 1342 1845 comburi⁷
1377 1806 1563 1838 dicendum
1602 1807 1697 1847 quod
1735 1805 1795 1844 sic,

321 1865 455 1897 ratione
482 1865 549 1896 iam
574 1865 674 1896 dicta.
707 1864 749 1896 Et
774 1875 815 1896 ex
843 1865 912 1895 hoc
938 1864 1079 1905 planum
1112 1869 1164 1895 est
1195 1864 1289 1905 quod
1322 1865 1479 1895 absolute
1512 1864 1689 1905 loquendo
1722 1874 1794 1895 non

324 1928 376 1955 est
413 1922 666 1955 inconveniens
705 1933 771 1954 nec
811 1927 932 1954 contra
971 1922 1073 1953 fidem
1108 1921 1223 1953 dicere
1259 1922 1353 1962 quod
1390 1921 1422 1952 in
1460 1922 1601 1953 materia
1640 1920 1795 1963 corporis

324 1980 451 2012 Christi
474 1980 587 2022 potuit
618 1979 791 2012 introduci
816 1979 929 2021 aliqua
954 1980 1062 2011 forma
1099 1978 1334 2010 substantialis
1371 1990 1473 2018 nova,
1507 1990 1595 2020 quae
1630 1990 1700 2010 non
1725 1983 1797 2010 erat

324 2038 359 2069 in
390 2037 468 2080 ipso
500 2048 579 2070 cum
614 2037 761 2070 vivebat.
798 2038 906 2068 lmmo
940 2036 1148 2068 contrarium
1184 2036 1298 2068 dicere
1334 2042 1427 2068 esset
1463 2037 1683 2074 haereticum7
1717 2036 1797 2077 quia

324 2097 393 2128 hoc
425 2101 518 2128 esset
543 2095 658 2128 dicere
683 2095 858 2127 Christum
883 2106 955 2126 non
989 2094 1096 2125 fuisse
1122 2095 1277 2126 eiusdem
1311 2100 1454 2126 naturae
1480 2106 1557 2125 cum
1591 2094 1664 2125 aliis
1690 2094 1797 2125 homi-

324 2153 437 2185 nibus.
474 2154 562 2185 Nam
592 2153 620 2185 si
653 2153 717 2185 sibi
753 2153 915 2185 derelicta
951 2152 1072 2184 fuisset
1108 2152 1307 2183 huiusmodi
1344 2158 1465 2183 natura
1501 2158 1537 2183 ut
1570 2152 1698 2183 dictum
1735 2158 1797 2190 est,

324 2211 422 2243 senio
451 2211 637 2243 defecisset
662 2211 763 2243 etiarn
788 2211 816 2242 si
845 2210 938 2253 prius
964 2221 1036 2241 non
1062 2209 1184 2241 fuisset
1211 2215 1366 2241 mortuus
1397 2210 1488 2242 dicto
1516 2210 1629 2249 modo⁷
1656 2215 1689 2241 et
1713 2214 1796 2240 tunc

324 2270 467 2302 ulterius
496 2281 538 2302 ex
570 2279 716 2311 corpore
748 2268 821 2300 eius
858 2279 993 2300 vermes
1028 2267 1187 2310 generari
1219 2267 1426 2309 potuissent,
1459 2269 1513 2299 vel
1552 2268 1654 2300 etiam
1687 2268 1797 2300 forma

435 2413 483 2445 ¹9t
497 2412 530 2438 V.

415 2518 452 2552 (1)
472 2516 666 2552 Augustini
694 2516 738 2542 De
753 2518 944 2551 peccatorum
964 2516 1079 2541 meritis
1099 2518 1127 2541 et
1146 2516 1317 2541 remissione
1336 2517 1363 2541 et
1383 2516 1417 2541 (Ie
1437 2515 1581 2550 baptismo
1597 2516 1798 2550 j>‹t›‘<z¹1tl0rmn

327 2561 367 2587 ad
380 2561 589 2587 Marcellinum
603 2561 620 2586 l.
635 2561 670 2593 11,
685 2569 708 2586 c.
722 2562 756 2586 29
770 2560 811 2593 (P.
827 2560 866 2591 L.,
881 2559 937 2585 vol.
957 2561 1000 2592 44,
1021 2560 1075 2585 col.
1091 2561 1161 2591 180).
1183 2570 1193 2583 t<
1207 2559 1267 2585 Sed
1281 2560 1348 2594 quia
1362 2559 1390 2584 in
1405 2568 1439 2585 eo
1455 2563 1516 2585 erat
1531 2559 1689 2585 similitudo
1704 2559 1799 2585 carnis

326 2604 451 2639 peceati,
464 2604 641 2631 mutationes
655 2608 784 2630 aetatum
798 2603 913 2638 perpeti
927 2604 1018 2629 voluit
1033 2604 1068 2629 ab
1085 2603 1149 2638 ipsa
1163 2612 1284 2629 exorsus
1297 2602 1428 2635 infantia,
1440 2607 1470 2628 ut
1482 2603 1518 2628 ad
1532 2607 1655 2629 mortem
1666 2603 1801 2629 videatur

327 2647 416 2675 etiam
429 2648 611 2675 senescendo
625 2647 675 2674 illa
688 2656 757 2674 caro
771 2647 925 2682 pervenire
939 2647 1079 2682 potuisse,
1093 2646 1147 2673 nisi
1161 2647 1274 2673 iuvenis
1290 2646 1393 2672 fuisset
1407 2647 1530 2673 occisus.
1544 2658 1555 2671 »

1710 2684 1744 2709 28

1850 1457 1914 1483 cod.
1930 1457 1955 1482 V

1816 1492 1864 1519 fol.
1879 1494 1930 1518 279
1944 1493 1985 1518 Rb
