<?xml version="1.0" encoding="UTF-8"?>
<!DOCTYPE html PUBLIC "-//W3C//DTD XHTML 1.0 Transitional//EN"
    "http://www.w3.org/TR/xhtml1/DTD/xhtml1-transitional.dtd">
<html xmlns="http://www.w3.org/1999/xhtml" xml:lang="en" lang="en">
 <head>
  <title>
</title>
<meta http-equiv="Content-Type" content="text/html;charset=utf-8" />
  <meta name='ocr-system' content='tesseract 3.04.00' />
  <meta name='ocr-capabilities' content='ocr_page ocr_carea ocr_par ocr_line ocrx_word'/>
</head>
<body>
  <div class='ocr_page' id='page_1' title='image "./lesquatrepremier00godf_0324.png"; bbox 0 0 2493 3458; ppageno 0'>
   <div class='ocr_carea' id='block_1_1' title="bbox 480 1417 629 1480">
    <p class='ocr_par' dir='ltr' id='par_1_1' title="bbox 480 1417 629 1480">
     <span class='ocr_line' id='line_1_1' title="bbox 505 1417 604 1445; baseline 0 0"><span class='ocrx_word' id='word_1_1' title='bbox 505 1417 569 1445; x_wconf 89' lang='lat' dir='ltr'>cod.</span> <span class='ocrx_word' id='word_1_2' title='bbox 584 1418 604 1445; x_wconf 93' lang='lat' dir='ltr'>S</span> 
     </span>
     <span class='ocr_line' id='line_1_2' title="bbox 480 1453 629 1480; baseline 0.007 -1"><span class='ocrx_word' id='word_1_3' title='bbox 480 1453 530 1480; x_wconf 79' lang='lat' dir='ltr'>fol.</span> <span class='ocrx_word' id='word_1_4' title='bbox 541 1455 576 1480; x_wconf 85' lang='lat'>42</span> <span class='ocrx_word' id='word_1_5' title='bbox 588 1454 629 1480; x_wconf 78' lang='lat' dir='ltr'>Rb</span> 
     </span>
    </p>
   </div>
   <div class='ocr_carea' id='block_1_2' title="bbox 671 402 1781 430">
    <p class='ocr_par' dir='ltr' id='par_1_2' title="bbox 671 402 1781 430">
     <span class='ocr_line' id='line_1_3' title="bbox 671 402 1781 430; baseline 0.002 -3"><span class='ocrx_word' id='word_1_6' title='bbox 671 403 722 428; x_wconf 82' lang='lat'>302</span> <span class='ocrx_word' id='word_1_7' title='bbox 1035 402 1224 429; x_wconf 76' lang='lat' dir='ltr'>MAGlsTRl</span> <span class='ocrx_word' id='word_1_8' title='bbox 1256 402 1474 429; x_wconf 75' lang='lat' dir='ltr'>GODEFRIDI</span> <span class='ocrx_word' id='word_1_9' title='bbox 1502 403 1554 429; x_wconf 85' lang='lat' dir='ltr'>DE</span> <span class='ocrx_word' id='word_1_10' title='bbox 1585 402 1781 430; x_wconf 69' lang='lat' dir='ltr'>FONTIBL&#39;S</span> 
     </span>
    </p>
   </div>
   <div class='ocr_carea' id='block_1_3' title="bbox 656 490 2143 2180">
    <p class='ocr_par' dir='ltr' id='par_1_3' title="bbox 671 490 2143 574">
     <span class='ocr_line' id='line_1_4' title="bbox 671 490 2143 526; baseline 0.001 -10"><span class='ocrx_word' id='word_1_11' title='bbox 671 491 796 526; x_wconf 79' lang='lat' dir='ltr'>ccptiva,</span> <span class='ocrx_word' id='word_1_12' title='bbox 808 490 883 517; x_wconf 81' lang='lat' dir='ltr'>sicut</span> <span class='ocrx_word' id='word_1_13' title='bbox 898 490 989 516; x_wconf 79' lang='lat' dir='ltr'>sonna</span> <span class='ocrx_word' id='word_1_14' title='bbox 1004 490 1030 516; x_wconf 94' lang='lat' dir='ltr'>in</span> <span class='ocrx_word' id='word_1_15' title='bbox 1046 490 1175 521; x_wconf 69' lang='lat' dir='ltr'>materia,</span> <span class='ocrx_word' id='word_1_16' title='bbox 1187 495 1254 517; x_wconf 87' lang='lat' dir='ltr'>tunc</span> <span class='ocrx_word' id='word_1_17' title='bbox 1269 500 1334 516; x_wconf 70' lang='lat' dir='ltr'>esse</span> <span class='ocrx_word' id='word_1_18' title='bbox 1349 495 1499 517; x_wconf 72' lang='lat' dir='ltr'>creaturae</span> <span class='ocrx_word' id='word_1_19' title='bbox 1513 495 1591 517; x_wconf 83' lang='lat' dir='ltr'>esset</span> <span class='ocrx_word' id='word_1_20' title='bbox 1605 500 1670 517; x_wconf 77' lang='lat' dir='ltr'>esse</span> <span class='ocrx_word' id='word_1_21' title='bbox 1685 500 1786 526; x_wconf 89' lang='lat' dir='ltr'>purum</span> <span class='ocrx_word' id='word_1_22' title='bbox 1801 491 1964 518; x_wconf 75' lang='lat' dir='ltr'>subsistens</span> <span class='ocrx_word' id='word_1_23' title='bbox 1977 492 2143 519; x_wconf 77' lang='lat' dir='ltr'>absolutum</span> 
     </span>
     <span class='ocr_line' id='line_1_5' title="bbox 671 538 1708 574; baseline -0.001 -9"><span class='ocrx_word' id='word_1_24' title='bbox 671 542 700 565; x_wconf 83' lang='lat' dir='ltr'>ct</span> <span class='ocrx_word' id='word_1_25' title='bbox 723 548 779 565; x_wconf 86' lang='lat' dir='ltr'>non</span> <span class='ocrx_word' id='word_1_26' title='bbox 800 538 1016 574; x_wconf 77' lang='lat' dir='ltr'>participatum,</span> <span class='ocrx_word' id='word_1_27' title='bbox 1037 539 1115 574; x_wconf 82' lang='lat' dir='ltr'>quod</span> <span class='ocrx_word' id='word_1_28' title='bbox 1139 543 1183 565; x_wconf 87' lang='lat' dir='ltr'>est</span> <span class='ocrx_word' id='word_1_29' title='bbox 1208 539 1425 566; x_wconf 70' lang='lat' dir='ltr'>inconveniens.</span> <span class='ocrx_word' id='word_1_30' title='bbox 1451 539 1529 574; x_wconf 80' lang='lat' dir='ltr'>Ergo</span> <span class='ocrx_word' id='word_1_31' title='bbox 1552 544 1581 566; x_wconf 86' lang='lat' dir='ltr'>et</span> <span class='ocrx_word' id='word_1_32' title='bbox 1602 544 1708 566; x_wconf 88' lang='lat' dir='ltr'>cetera.</span> 
     </span>
    </p>

    <p class='ocr_par' dir='ltr' id='par_1_4' title="bbox 668 587 2143 817">
     <span class='ocr_line' id='line_1_6' title="bbox 760 587 2143 623; baseline 0.001 -10"><span class='ocrx_word' id='word_1_33' title='bbox 760 588 878 614; x_wconf 79' lang='lat' dir='ltr'>Contra.</span> <span class='ocrx_word' id='word_1_34' title='bbox 904 588 974 614; x_wconf 70' lang='lat' dir='ltr'>Esse</span> <span class='ocrx_word' id='word_1_35' title='bbox 996 592 1023 613; x_wconf 82' lang='lat' dir='ltr'>et</span> <span class='ocrx_word' id='word_1_36' title='bbox 1044 587 1171 614; x_wconf 76' lang='lat' dir='ltr'>essentia</span> <span class='ocrx_word' id='word_1_37' title='bbox 1192 593 1240 614; x_wconf 87' lang='lat' dir='ltr'>aut</span> <span class='ocrx_word' id='word_1_38' title='bbox 1261 592 1326 613; x_wconf 88' lang='lat' dir='ltr'>sunt</span> <span class='ocrx_word' id='word_1_39' title='bbox 1346 587 1423 614; x_wconf 88' lang='lat' dir='ltr'>idem</span> <span class='ocrx_word' id='word_1_40' title='bbox 1444 593 1491 614; x_wconf 81' lang='lat' dir='ltr'>aut</span> <span class='ocrx_word' id='word_1_41' title='bbox 1512 596 1578 614; x_wconf 88' lang='lat' dir='ltr'>non.</span> <span class='ocrx_word' id='word_1_42' title='bbox 1593 588 1622 614; x_wconf 86' lang='lat' dir='ltr'>Si</span> <span class='ocrx_word' id='word_1_43' title='bbox 1637 587 1688 620; x_wconf 71' lang='lat' dir='ltr'>sic,</span> <span class='ocrx_word' id='word_1_44' title='bbox 1702 597 1773 623; x_wconf 71' lang='lat' dir='ltr'>ergo</span> <span class='ocrx_word' id='word_1_45' title='bbox 1790 597 1836 614; x_wconf 89' lang='lat' dir='ltr'>res</span> <span class='ocrx_word' id='word_1_46' title='bbox 1849 597 1906 614; x_wconf 90' lang='lat' dir='ltr'>non</span> <span class='ocrx_word' id='word_1_47' title='bbox 1921 593 2018 623; x_wconf 75' lang='lat' dir='ltr'>potest</span> <span class='ocrx_word' id='word_1_48' title='bbox 2032 589 2143 615; x_wconf 81' lang='lat' dir='ltr'>habere</span> 
     </span>
     <span class='ocr_line' id='line_1_7' title="bbox 670 636 2142 672; baseline 0.001 -10"><span class='ocrx_word' id='word_1_49' title='bbox 670 645 735 662; x_wconf 83' lang='lat' dir='ltr'>esse</span> <span class='ocrx_word' id='word_1_50' title='bbox 756 636 834 662; x_wconf 85' lang='lat' dir='ltr'>reale</span> <span class='ocrx_word' id='word_1_51' title='bbox 855 641 994 670; x_wconf 72' lang='lat' dir='ltr'>quantum</span> <span class='ocrx_word' id='word_1_52' title='bbox 1016 636 1051 662; x_wconf 88' lang='lat' dir='ltr'>ad</span> <span class='ocrx_word' id='word_1_53' title='bbox 1073 645 1159 662; x_wconf 90' lang='lat' dir='ltr'>unum</span> <span class='ocrx_word' id='word_1_54' title='bbox 1180 640 1209 662; x_wconf 89' lang='lat' dir='ltr'>et</span> <span class='ocrx_word' id='word_1_55' title='bbox 1229 645 1286 662; x_wconf 84' lang='lat' dir='ltr'>non</span> <span class='ocrx_word' id='word_1_56' title='bbox 1307 641 1444 671; x_wconf 62' lang='lat' dir='ltr'>quamtum</span> <span class='ocrx_word' id='word_1_57' title='bbox 1466 636 1502 662; x_wconf 83' lang='lat' dir='ltr'>ad</span> <span class='ocrx_word' id='word_1_58' title='bbox 1523 636 1601 662; x_wconf 77' lang='lat' dir='ltr'>aliud</span> <span class='ocrx_word' id='word_1_59' title='bbox 1616 638 1631 662; x_wconf 94' lang='lat'>¹.</span> <span class='ocrx_word' id='word_1_60' title='bbox 1655 636 1686 662; x_wconf 75' lang='lat' dir='ltr'>Si</span> <span class='ocrx_word' id='word_1_61' title='bbox 1707 645 1774 667; x_wconf 72' lang='lat' dir='ltr'>nun,</span> <span class='ocrx_word' id='word_1_62' title='bbox 1797 637 1884 663; x_wconf 76' lang='lat' dir='ltr'>cum&#39;</span> <span class='ocrx_word' id='word_1_63' title='bbox 1908 637 2142 672; x_wconf 72' lang='lat' dir='ltr'>inseparabiliter</span> 
     </span>
     <span class='ocr_line' id='line_1_8' title="bbox 669 684 2142 720; baseline 0.001 -9"><span class='ocrx_word' id='word_1_64' title='bbox 669 694 701 711; x_wconf 86' lang='lat' dir='ltr'>se</span> <span class='ocrx_word' id='word_1_65' title='bbox 721 684 973 711; x_wconf 75' lang='lat' dir='ltr'>concomitentur³</span> <span class='ocrx_word' id='word_1_66' title='bbox 993 685 1067 711; x_wconf 88' lang='lat' dir='ltr'>sicut</span> <span class='ocrx_word' id='word_1_67' title='bbox 1088 685 1209 711; x_wconf 83' lang='lat' dir='ltr'>materia</span> <span class='ocrx_word' id='word_1_68' title='bbox 1223 689 1251 711; x_wconf 87' lang='lat' dir='ltr'>et</span> <span class='ocrx_word' id='word_1_69' title='bbox 1272 684 1364 711; x_wconf 82' lang='lat' dir='ltr'>forma</span> <span class='ocrx_word' id='word_1_70' title='bbox 1380 684 1443 713; x_wconf 63' lang='lat' dir='ltr'>(sed</span> <span class='ocrx_word' id='word_1_71' title='bbox 1458 684 1578 711; x_wconf 78' lang='lat' dir='ltr'>materia</span> <span class='ocrx_word' id='word_1_72' title='bbox 1593 693 1649 710; x_wconf 77' lang='lat' dir='ltr'>non</span> <span class='ocrx_word' id='word_1_73' title='bbox 1666 690 1762 720; x_wconf 77' lang='lat' dir='ltr'>potest</span> <span class='ocrx_word' id='word_1_74' title='bbox 1777 694 1842 711; x_wconf 80' lang='lat' dir='ltr'>esse</span> <span class='ocrx_word' id='word_1_75' title='bbox 1863 684 1925 711; x_wconf 85' lang='lat' dir='ltr'>sine</span> <span class='ocrx_word' id='word_1_76' title='bbox 1941 685 2018 712; x_wconf 85' lang='lat' dir='ltr'>omni</span> <span class='ocrx_word' id='word_1_77' title='bbox 2039 685 2142 718; x_wconf 74' lang='lat' dir='ltr'>forma,</span> 
     </span>
     <span class='ocr_line' id='line_1_9' title="bbox 669 733 2140 769; baseline 0 -9"><span class='ocrx_word' id='word_1_78' title='bbox 669 733 797 768; x_wconf 82' lang='lat' dir='ltr'>alioquin</span> <span class='ocrx_word' id='word_1_79' title='bbox 813 738 911 760; x_wconf 73' lang='lat' dir='ltr'>essent</span> <span class='ocrx_word' id='word_1_80' title='bbox 933 734 959 759; x_wconf 92' lang='lat' dir='ltr'>in</span> <span class='ocrx_word' id='word_1_81' title='bbox 981 742 1015 759; x_wconf 83' lang='lat' dir='ltr'>ea</span> <span class='ocrx_word' id='word_1_82' title='bbox 1036 733 1121 759; x_wconf 82' lang='lat' dir='ltr'>simul</span> <span class='ocrx_word' id='word_1_83' title='bbox 1141 733 1321 769; x_wconf 73' lang='lat' dir='ltr'>privationes</span> <span class='ocrx_word' id='word_1_84' title='bbox 1335 733 1462 759; x_wconf 81' lang='lat' dir='ltr'>omnium</span> <span class='ocrx_word' id='word_1_85' title='bbox 1484 733 1641 759; x_wconf 77' lang='lat' dir='ltr'>formarum</span> <span class='ocrx_word' id='word_1_86' title='bbox 1662 733 1740 768; x_wconf 79' lang='lat' dir='ltr'>quod</span> <span class='ocrx_word' id='word_1_87' title='bbox 1757 738 1801 759; x_wconf 78' lang='lat' dir='ltr'>est</span> <span class='ocrx_word' id='word_1_88' title='bbox 1818 733 2047 766; x_wconf 77' lang='lat' dir='ltr'>inconveniens),</span> <span class='ocrx_word' id='word_1_89' title='bbox 2067 743 2140 769; x_wconf 79' lang='lat' dir='ltr'>ergo</span> 
     </span>
     <span class='ocr_line' id='line_1_10' title="bbox 668 781 1622 817; baseline -0.001 -9"><span class='ocrx_word' id='word_1_90' title='bbox 668 791 722 809; x_wconf 92' lang='lat' dir='ltr'>nec</span> <span class='ocrx_word' id='word_1_91' title='bbox 745 783 870 808; x_wconf 72' lang='lat' dir='ltr'>essentia</span> <span class='ocrx_word' id='word_1_92' title='bbox 884 784 891 797; x_wconf 86' lang='lat'>¹</span> <span class='ocrx_word' id='word_1_93' title='bbox 915 787 1012 817; x_wconf 76' lang='lat' dir='ltr'>potest</span> <span class='ocrx_word' id='word_1_94' title='bbox 1036 791 1101 808; x_wconf 87' lang='lat' dir='ltr'>esse</span> <span class='ocrx_word' id='word_1_95' title='bbox 1124 781 1187 808; x_wconf 88' lang='lat' dir='ltr'>sine</span> <span class='ocrx_word' id='word_1_96' title='bbox 1210 781 1309 816; x_wconf 82' lang='lat' dir='ltr'>aliquo</span> <span class='ocrx_word' id='word_1_97' title='bbox 1333 791 1397 807; x_wconf 76' lang='lat' dir='ltr'>esse</span> <span class='ocrx_word' id='word_1_98' title='bbox 1420 782 1594 808; x_wconf 74' lang='lat' dir='ltr'>existentiae</span> <span class='ocrx_word' id='word_1_99' title='bbox 1606 783 1622 807; x_wconf 79' lang='lat'>¹¹.</span> 
     </span>
    </p>

    <p class='ocr_par' dir='ltr' id='par_1_5' title="bbox 667 828 2142 964">
     <span class='ocr_line' id='line_1_11' title="bbox 758 828 2142 866; baseline 0 -9"><span class='ocrx_word' id='word_1_100' title='bbox 758 831 942 866; x_wconf 79' lang='lat' dir='ltr'>Respondeo.</span> <span class='ocrx_word' id='word_1_101' title='bbox 959 828 1012 857; x_wconf 84' lang='lat' dir='ltr'>llic</span> <span class='ocrx_word' id='word_1_102' title='bbox 1028 835 1095 857; x_wconf 87' lang='lat' dir='ltr'>sunt</span> <span class='ocrx_word' id='word_1_103' title='bbox 1109 830 1167 857; x_wconf 87' lang='lat' dir='ltr'>duo</span> <span class='ocrx_word' id='word_1_104' title='bbox 1182 830 1308 857; x_wconf 83' lang='lat' dir='ltr'>videnda</span> <span class='ocrx_word' id='word_1_105' title='bbox 1321 839 1325 856; x_wconf 89' lang='lat'>:</span> <span class='ocrx_word' id='word_1_106' title='bbox 1347 831 1439 865; x_wconf 71' lang='lat' dir='ltr'>primo</span> <span class='ocrx_word' id='word_1_107' title='bbox 1454 835 1546 856; x_wconf 89' lang='lat' dir='ltr'>utrum</span> <span class='ocrx_word' id='word_1_108' title='bbox 1564 840 1629 856; x_wconf 74' lang='lat' dir='ltr'>esse</span> <span class='ocrx_word' id='word_1_109' title='bbox 1643 835 1671 857; x_wconf 89' lang='lat' dir='ltr'>et</span> <span class='ocrx_word' id='word_1_110' title='bbox 1685 830 1812 856; x_wconf 72' lang='lat' dir='ltr'>essentia</span> <span class='ocrx_word' id='word_1_111' title='bbox 1827 830 1884 857; x_wconf 84' lang='lat' dir='ltr'>sint</span> <span class='ocrx_word' id='word_1_112' title='bbox 1904 830 1980 857; x_wconf 86' lang='lat' dir='ltr'>idem</span> <span class='ocrx_word' id='word_1_113' title='bbox 2001 831 2119 858; x_wconf 76' lang='lat' dir='ltr'>realiter</span> <span class='ocrx_word' id='word_1_114' title='bbox 2131 832 2142 846; x_wconf 84' lang='lat'>⁶</span> 
     </span>
     <span class='ocr_line' id='line_1_12' title="bbox 667 878 2141 914; baseline 0 -8"><span class='ocrx_word' id='word_1_115' title='bbox 667 880 695 906; x_wconf 91' lang='lat' dir='ltr'>in</span> <span class='ocrx_word' id='word_1_116' title='bbox 719 884 870 910; x_wconf 76' lang='lat' dir='ltr'>creatura;</span> <span class='ocrx_word' id='word_1_117' title='bbox 889 880 1020 906; x_wconf 76' lang='lat' dir='ltr'>secundo</span> <span class='ocrx_word' id='word_1_118' title='bbox 1034 884 1128 906; x_wconf 89' lang='lat' dir='ltr'>utrum</span> <span class='ocrx_word' id='word_1_119' title='bbox 1149 884 1282 905; x_wconf 75' lang='lat' dir='ltr'>creatura</span> <span class='ocrx_word' id='word_1_120' title='bbox 1307 878 1399 914; x_wconf 65' lang='lat' dir='ltr'>possit</span> <span class='ocrx_word' id='word_1_121' title='bbox 1420 879 1528 905; x_wconf 72' lang='lat' dir='ltr'>habere</span> <span class='ocrx_word' id='word_1_122' title='bbox 1543 879 1550 893; x_wconf 73' lang='lat'>²</span> <span class='ocrx_word' id='word_1_123' title='bbox 1569 887 1634 905; x_wconf 79' lang='lat' dir='ltr'>esse</span> <span class='ocrx_word' id='word_1_124' title='bbox 1659 879 1738 905; x_wconf 84' lang='lat' dir='ltr'>reale</span> <span class='ocrx_word' id='word_1_125' title='bbox 1762 884 1900 914; x_wconf 84' lang='lat' dir='ltr'>quantum</span> <span class='ocrx_word' id='word_1_126' title='bbox 1924 879 1959 905; x_wconf 88' lang='lat' dir='ltr'>ad</span> <span class='ocrx_word' id='word_1_127' title='bbox 1983 879 2141 906; x_wconf 77' lang='lat' dir='ltr'>essentiam</span> 
     </span>
     <span class='ocr_line' id='line_1_13' title="bbox 667 927 1258 964; baseline -0.003 -9"><span class='ocrx_word' id='word_1_128' title='bbox 667 928 707 955; x_wconf 85' lang='lat' dir='ltr'>ita</span> <span class='ocrx_word' id='word_1_129' title='bbox 737 929 815 964; x_wconf 72' lang='lat' dir='ltr'>quod</span> <span class='ocrx_word' id='word_1_130' title='bbox 836 938 894 955; x_wconf 75' lang='lat' dir='ltr'>nun</span> <span class='ocrx_word' id='word_1_131' title='bbox 917 929 1023 955; x_wconf 79' lang='lat' dir='ltr'>habeat</span> <span class='ocrx_word' id='word_1_132' title='bbox 1047 937 1113 955; x_wconf 86' lang='lat' dir='ltr'>esse</span> <span class='ocrx_word' id='word_1_133' title='bbox 1133 927 1258 954; x_wconf 79' lang='lat' dir='ltr'>realiter.</span> 
     </span>
    </p>

    <p class='ocr_par' dir='ltr' id='par_1_6' title="bbox 661 976 2143 1739">
     <span class='ocr_line' id='line_1_14' title="bbox 756 976 2141 1012; baseline -0.001 -9"><span class='ocrx_word' id='word_1_134' title='bbox 756 978 903 1011; x_wconf 82' lang='lat' dir='ltr'>Quantum</span> <span class='ocrx_word' id='word_1_135' title='bbox 924 986 995 1011; x_wconf 67' lang='lat' dir='ltr'>ergo</span> <span class='ocrx_word' id='word_1_136' title='bbox 1016 977 1052 1003; x_wconf 87' lang='lat' dir='ltr'>ad</span> <span class='ocrx_word' id='word_1_137' title='bbox 1081 977 1213 1012; x_wconf 79' lang='lat' dir='ltr'>primum.</span> <span class='ocrx_word' id='word_1_138' title='bbox 1241 977 1340 1003; x_wconf 85' lang='lat' dir='ltr'>dicunt</span> <span class='ocrx_word' id='word_1_139' title='bbox 1365 976 1483 1011; x_wconf 80' lang='lat' dir='ltr'>quidum</span> <span class='ocrx_word' id='word_1_140' title='bbox 1511 976 1589 1011; x_wconf 79' lang='lat' dir='ltr'>quud</span> <span class='ocrx_word' id='word_1_141' title='bbox 1616 985 1681 1002; x_wconf 70' lang='lat' dir='ltr'>esse</span> <span class='ocrx_word' id='word_1_142' title='bbox 1707 981 1736 1002; x_wconf 84' lang='lat' dir='ltr'>et</span> <span class='ocrx_word' id='word_1_143' title='bbox 1763 976 1890 1002; x_wconf 72' lang='lat' dir='ltr'>essentia</span> <span class='ocrx_word' id='word_1_144' title='bbox 1918 981 1983 1002; x_wconf 87' lang='lat' dir='ltr'>sunt</span> <span class='ocrx_word' id='word_1_145' title='bbox 2006 976 2141 1003; x_wconf 77' lang='lat' dir='ltr'>diversae</span> 
     </span>
     <span class='ocr_line' id='line_1_15' title="bbox 665 1024 2143 1061; baseline 0 -9"><span class='ocrx_word' id='word_1_146' title='bbox 665 1035 712 1053; x_wconf 85' lang='lat' dir='ltr'>res</span> <span class='ocrx_word' id='word_1_147' title='bbox 733 1026 759 1052; x_wconf 93' lang='lat' dir='ltr'>in</span> <span class='ocrx_word' id='word_1_148' title='bbox 781 1031 922 1057; x_wconf 71' lang='lat' dir='ltr'>creatura,</span> <span class='ocrx_word' id='word_1_149' title='bbox 943 1026 981 1052; x_wconf 77' lang='lat' dir='ltr'>ita</span> <span class='ocrx_word' id='word_1_150' title='bbox 1003 1026 1080 1061; x_wconf 80' lang='lat' dir='ltr'>quod</span> <span class='ocrx_word' id='word_1_151' title='bbox 1101 1025 1228 1052; x_wconf 73' lang='lat' dir='ltr'>essentia</span> <span class='ocrx_word' id='word_1_152' title='bbox 1247 1030 1292 1052; x_wconf 78' lang='lat' dir='ltr'>est</span> <span class='ocrx_word' id='word_1_153' title='bbox 1312 1025 1444 1060; x_wconf 61' lang='lat' dir='ltr'>putentia</span> <span class='ocrx_word' id='word_1_154' title='bbox 1464 1025 1632 1059; x_wconf 68' lang='lat' dir='ltr'>susceptiva</span> <span class='ocrx_word' id='word_1_155' title='bbox 1653 1024 1744 1059; x_wconf 84' lang='lat' dir='ltr'>ipsius</span> <span class='ocrx_word' id='word_1_156' title='bbox 1766 1034 1831 1051; x_wconf 80' lang='lat' dir='ltr'>esse</span> <span class='ocrx_word' id='word_1_157' title='bbox 1851 1030 1881 1051; x_wconf 91' lang='lat' dir='ltr'>et</span> <span class='ocrx_word' id='word_1_158' title='bbox 1904 1033 1970 1051; x_wconf 82' lang='lat' dir='ltr'>esse</span> <span class='ocrx_word' id='word_1_159' title='bbox 1990 1030 2034 1051; x_wconf 78' lang='lat' dir='ltr'>est</span> <span class='ocrx_word' id='word_1_160' title='bbox 2057 1030 2143 1052; x_wconf 84' lang='lat' dir='ltr'>actus</span> 
     </span>
     <span class='ocr_line' id='line_1_16' title="bbox 666 1073 2139 1110; baseline -0.001 -9"><span class='ocrx_word' id='word_1_161' title='bbox 666 1075 736 1101; x_wconf 86' lang='lat' dir='ltr'>eius.</span> <span class='ocrx_word' id='word_1_162' title='bbox 761 1075 848 1109; x_wconf 68' lang='lat' dir='ltr'>Quod</span> <span class='ocrx_word' id='word_1_163' title='bbox 872 1076 997 1110; x_wconf 85' lang='lat' dir='ltr'>probant</span> <span class='ocrx_word' id='word_1_164' title='bbox 1024 1074 1188 1110; x_wconf 69' lang='lat' dir='ltr'>dupliciter.</span> <span class='ocrx_word' id='word_1_165' title='bbox 1211 1074 1308 1100; x_wconf 78' lang='lat' dir='ltr'>Primo</span> <span class='ocrx_word' id='word_1_166' title='bbox 1335 1074 1403 1109; x_wconf 78' lang='lat' dir='ltr'>quia</span> <span class='ocrx_word' id='word_1_167' title='bbox 1426 1074 1495 1100; x_wconf 86' lang='lat' dir='ltr'>illud</span> <span class='ocrx_word' id='word_1_168' title='bbox 1523 1073 1601 1108; x_wconf 79' lang='lat' dir='ltr'>quod</span> <span class='ocrx_word' id='word_1_169' title='bbox 1616 1076 1625 1087; x_wconf 73' lang='lat'>⁵</span> <span class='ocrx_word' id='word_1_170' title='bbox 1650 1082 1706 1099; x_wconf 73' lang='lat' dir='ltr'>nnn</span> <span class='ocrx_word' id='word_1_171' title='bbox 1731 1074 1824 1099; x_wconf 84' lang='lat' dir='ltr'>solum</span> <span class='ocrx_word' id='word_1_172' title='bbox 1848 1082 1905 1099; x_wconf 93' lang='lat' dir='ltr'>non</span> <span class='ocrx_word' id='word_1_173' title='bbox 1928 1078 1973 1100; x_wconf 85' lang='lat' dir='ltr'>est</span> <span class='ocrx_word' id='word_1_174' title='bbox 1996 1073 2032 1100; x_wconf 83' lang='lat' dir='ltr'>de</span> <span class='ocrx_word' id='word_1_175' title='bbox 2057 1074 2139 1100; x_wconf 88' lang='lat' dir='ltr'>intel-</span> 
     </span>
     <span class='ocr_line' id='line_1_17' title="bbox 664 1122 2140 1158; baseline -0.001 -8"><span class='ocrx_word' id='word_1_176' title='bbox 664 1124 742 1150; x_wconf 83' lang='lat' dir='ltr'>lectu</span> <span class='ocrx_word' id='word_1_177' title='bbox 763 1124 908 1150; x_wconf 72' lang='lat' dir='ltr'>essentiae</span> <span class='ocrx_word' id='word_1_178' title='bbox 929 1124 980 1150; x_wconf 79' lang='lat' dir='ltr'>sed</span> <span class='ocrx_word' id='word_1_179' title='bbox 1001 1124 1109 1150; x_wconf 78' lang='lat' dir='ltr'>etiam⁰</span> <span class='ocrx_word' id='word_1_180' title='bbox 1128 1123 1185 1150; x_wconf 74' lang='lat' dir='ltr'>tale</span> <span class='ocrx_word' id='word_1_181' title='bbox 1201 1123 1279 1158; x_wconf 79' lang='lat' dir='ltr'>quod</span> <span class='ocrx_word' id='word_1_182' title='bbox 1300 1123 1353 1148; x_wconf 78' lang='lat' dir='ltr'>sul)</span> <span class='ocrx_word' id='word_1_183' title='bbox 1374 1123 1435 1148; x_wconf 81' lang='lat' dir='ltr'>eius</span> <span class='ocrx_word' id='word_1_184' title='bbox 1455 1122 1593 1157; x_wconf 69' lang='lat' dir='ltr'>opposito</span> <span class='ocrx_word' id='word_1_185' title='bbox 1609 1127 1707 1157; x_wconf 82' lang='lat' dir='ltr'>potest</span> <span class='ocrx_word' id='word_1_186' title='bbox 1721 1122 1848 1148; x_wconf 71' lang='lat' dir='ltr'>essentia</span> <span class='ocrx_word' id='word_1_187' title='bbox 1869 1122 2000 1156; x_wconf 65' lang='lat' dir='ltr'>intelligi,</span> <span class='ocrx_word' id='word_1_188' title='bbox 2018 1131 2074 1148; x_wconf 87' lang='lat' dir='ltr'>non</span> <span class='ocrx_word' id='word_1_189' title='bbox 2095 1127 2140 1149; x_wconf 79' lang='lat' dir='ltr'>est</span> 
     </span>
     <span class='ocr_line' id='line_1_18' title="bbox 665 1170 2138 1207; baseline -0.001 -8"><span class='ocrx_word' id='word_1_190' title='bbox 665 1173 742 1199; x_wconf 84' lang='lat' dir='ltr'>idem</span> <span class='ocrx_word' id='word_1_191' title='bbox 767 1182 797 1198; x_wconf 74' lang='lat' dir='ltr'>rt·</span> <span class='ocrx_word' id='word_1_192' title='bbox 821 1181 885 1199; x_wconf 88' lang='lat' dir='ltr'>cum</span> <span class='ocrx_word' id='word_1_193' title='bbox 909 1174 1046 1199; x_wconf 69' lang='lat' dir='ltr'>esst-ntia.</span> <span class='ocrx_word' id='word_1_194' title='bbox 1069 1172 1128 1198; x_wconf 72' lang='lat' dir='ltr'>Sed</span> <span class='ocrx_word' id='word_1_195' title='bbox 1155 1180 1221 1207; x_wconf 69' lang='lat' dir='ltr'>csse</span> <span class='ocrx_word' id='word_1_196' title='bbox 1247 1181 1304 1197; x_wconf 77' lang='lat' dir='ltr'>non</span> <span class='ocrx_word' id='word_1_197' title='bbox 1331 1177 1374 1197; x_wconf 64' lang='lat' dir='ltr'>ost</span> <span class='ocrx_word' id='word_1_198' title='bbox 1401 1171 1436 1196; x_wconf 67' lang='lat' dir='ltr'>«le</span> <span class='ocrx_word' id='word_1_199' title='bbox 1465 1171 1612 1197; x_wconf 79' lang='lat' dir='ltr'>intellectu</span> <span class='ocrx_word' id='word_1_200' title='bbox 1641 1170 1787 1197; x_wconf 74' lang='lat' dir='ltr'>essentiae</span> <span class='ocrx_word' id='word_1_201' title='bbox 1813 1175 1929 1197; x_wconf 79' lang='lat' dir='ltr'>creatae</span> <span class='ocrx_word' id='word_1_202' title='bbox 1956 1177 1984 1197; x_wconf 81' lang='lat' dir='ltr'>et</span> <span class='ocrx_word' id='word_1_203' title='bbox 2011 1171 2138 1197; x_wconf 73' lang='lat' dir='ltr'>essentia</span> 
     </span>
     <span class='ocr_line' id='line_1_19' title="bbox 663 1219 2138 1257; baseline -0.001 -9"><span class='ocrx_word' id='word_1_204' title='bbox 663 1227 761 1257; x_wconf 79' lang='lat' dir='ltr'>potest</span> <span class='ocrx_word' id='word_1_205' title='bbox 783 1221 904 1255; x_wconf 73' lang='lat' dir='ltr'>intelligi</span> <span class='ocrx_word' id='word_1_206' title='bbox 925 1222 979 1247; x_wconf 75' lang='lat' dir='ltr'>sul)</span> <span class='ocrx_word' id='word_1_207' title='bbox 1001 1221 1137 1256; x_wconf 69' lang='lat' dir='ltr'>opposito</span> <span class='ocrx_word' id='word_1_208' title='bbox 1157 1220 1228 1252; x_wconf 74' lang='lat' dir='ltr'>eius,</span> <span class='ocrx_word' id='word_1_209' title='bbox 1242 1220 1338 1255; x_wconf 80' lang='lat' dir='ltr'>quia&#39;&#39;&#39;</span> <span class='ocrx_word' id='word_1_210' title='bbox 1361 1224 1457 1254; x_wconf 66' lang='lat' dir='ltr'>potest</span> <span class='ocrx_word' id='word_1_211' title='bbox 1473 1228 1541 1246; x_wconf 65' lang='lat' dir='ltr'>vere</span> <span class='ocrx_word' id='word_1_212' title='bbox 1556 1219 1676 1252; x_wconf 62' lang='lat' dir='ltr'>intelligi</span> <span class='ocrx_word' id='word_1_213' title='bbox 1692 1228 1748 1245; x_wconf 75' lang='lat' dir='ltr'>non</span> <span class='ocrx_word' id='word_1_214' title='bbox 1771 1228 1836 1246; x_wconf 79' lang='lat' dir='ltr'>esse</span> <span class='ocrx_word' id='word_1_215' title='bbox 1849 1221 1875 1245; x_wconf 91' lang='lat'>¹¹.</span> <span class='ocrx_word' id='word_1_216' title='bbox 1897 1219 1974 1254; x_wconf 72' lang='lat' dir='ltr'>Ergo</span> <span class='ocrx_word' id='word_1_217' title='bbox 1988 1224 2017 1246; x_wconf 81' lang='lat' dir='ltr'>et</span> <span class='ocrx_word' id='word_1_218' title='bbox 2032 1224 2138 1246; x_wconf 84' lang='lat' dir='ltr'>cetera.</span> 
     </span>
     <span class='ocr_line' id='line_1_20' title="bbox 663 1268 2139 1305; baseline -0.001 -8"><span class='ocrx_word' id='word_1_219' title='bbox 663 1271 801 1298; x_wconf 74' lang='lat' dir='ltr'>Secundo</span> <span class='ocrx_word' id='word_1_220' title='bbox 823 1271 898 1305; x_wconf 55' lang='lat' dir='ltr'>quim</span> <span class='ocrx_word' id='word_1_221' title='bbox 913 1271 987 1296; x_wconf 82' lang='lat' dir='ltr'>sicut</span> <span class='ocrx_word' id='word_1_222' title='bbox 1000 1271 1018 1285; x_wconf 80' lang='lat'>¹²</span> <span class='ocrx_word' id='word_1_223' title='bbox 1038 1269 1188 1304; x_wconf 77' lang='lat' dir='ltr'>arguendo</span> <span class='ocrx_word' id='word_1_224' title='bbox 1209 1274 1316 1295; x_wconf 76' lang='lat' dir='ltr'>tactum</span> <span class='ocrx_word' id='word_1_225' title='bbox 1338 1274 1391 1299; x_wconf 64' lang='lat' dir='ltr'>est,</span> <span class='ocrx_word' id='word_1_226' title='bbox 1412 1268 1590 1303; x_wconf 66' lang='lat' dir='ltr'>participans</span> <span class='ocrx_word' id='word_1_227' title='bbox 1605 1277 1660 1294; x_wconf 83' lang='lat' dir='ltr'>non</span> <span class='ocrx_word' id='word_1_228' title='bbox 1675 1273 1718 1294; x_wconf 85' lang='lat' dir='ltr'>est</span> <span class='ocrx_word' id='word_1_229' title='bbox 1734 1268 1828 1303; x_wconf 88' lang='lat' dir='ltr'>ipsum</span> <span class='ocrx_word' id='word_1_230' title='bbox 1850 1268 2063 1303; x_wconf 85' lang='lat' dir='ltr'>participatum.</span> <span class='ocrx_word' id='word_1_231' title='bbox 2079 1268 2139 1295; x_wconf 85' lang='lat' dir='ltr'>Sed</span> 
     </span>
     <span class='ocr_line' id='line_1_21' title="bbox 663 1317 2138 1353; baseline -0.002 -7"><span class='ocrx_word' id='word_1_232' title='bbox 663 1320 690 1346; x_wconf 92' lang='lat' dir='ltr'>in</span> <span class='ocrx_word' id='word_1_233' title='bbox 705 1320 846 1346; x_wconf 72' lang='lat' dir='ltr'>creaturis</span> <span class='ocrx_word' id='word_1_234' title='bbox 866 1319 992 1345; x_wconf 70' lang='lat' dir='ltr'>essentia</span> <span class='ocrx_word' id='word_1_235' title='bbox 1014 1318 1169 1353; x_wconf 78' lang='lat' dir='ltr'>participat</span> <span class='ocrx_word' id='word_1_236' title='bbox 1190 1327 1264 1349; x_wconf 67' lang='lat' dir='ltr'>esse,</span> <span class='ocrx_word' id='word_1_237' title='bbox 1279 1318 1405 1352; x_wconf 74' lang='lat' dir='ltr'>alioquin</span> <span class='ocrx_word' id='word_1_238' title='bbox 1427 1322 1617 1351; x_wconf 73' lang='lat' dir='ltr'>sequerentur</span> <span class='ocrx_word' id='word_1_239' title='bbox 1631 1317 1719 1342; x_wconf 74' lang='lat' dir='ltr'>multa</span> <span class='ocrx_word' id='word_1_240' title='bbox 1734 1317 1970 1343; x_wconf 80' lang='lat' dir='ltr'>inconvenientia</span> <span class='ocrx_word' id='word_1_241' title='bbox 1985 1321 2015 1343; x_wconf 91' lang='lat' dir='ltr'>ut</span> <span class='ocrx_word' id='word_1_242' title='bbox 2029 1317 2138 1343; x_wconf 84' lang='lat' dir='ltr'>dictum</span> 
     </span>
     <span class='ocr_line' id='line_1_22' title="bbox 662 1364 2136 1402; baseline -0.002 -8"><span class='ocrx_word' id='word_1_243' title='bbox 662 1373 714 1394; x_wconf 86' lang='lat' dir='ltr'>cst.</span> <span class='ocrx_word' id='word_1_244' title='bbox 736 1368 813 1402; x_wconf 63' lang='lat' dir='ltr'>Ergo</span> <span class='ocrx_word' id='word_1_245' title='bbox 833 1372 860 1393; x_wconf 87' lang='lat' dir='ltr'>et</span> <span class='ocrx_word' id='word_1_246' title='bbox 882 1372 979 1393; x_wconf 68' lang='lat' dir='ltr'>cett-ra</span> <span class='ocrx_word' id='word_1_247' title='bbox 991 1368 1018 1392; x_wconf 75' lang='lat'>¹⁸.</span> <span class='ocrx_word' id='word_1_248' title='bbox 1034 1382 1064 1385; x_wconf 96' lang='lat'>-—</span> <span class='ocrx_word' id='word_1_249' title='bbox 1080 1366 1110 1392; x_wconf 82' lang='lat' dir='ltr'>Si</span> <span class='ocrx_word' id='word_1_250' title='bbox 1131 1366 1243 1392; x_wconf 75' lang='lat' dir='ltr'>dicatur</span> <span class='ocrx_word' id='word_1_251' title='bbox 1264 1365 1300 1391; x_wconf 80' lang='lat' dir='ltr'>ad</span> <span class='ocrx_word' id='word_1_252' title='bbox 1321 1366 1406 1391; x_wconf 76' lang='lat' dir='ltr'>l1nc¹⁴</span> <span class='ocrx_word' id='word_1_253' title='bbox 1421 1365 1499 1399; x_wconf 71' lang='lat' dir='ltr'>quod</span> <span class='ocrx_word' id='word_1_254' title='bbox 1514 1374 1579 1390; x_wconf 63' lang='lat' dir='ltr'>usst-</span> <span class='ocrx_word' id='word_1_255' title='bbox 1599 1364 1680 1390; x_wconf 76' lang='lat' dir='ltr'>addit</span> <span class='ocrx_word' id='word_1_256' title='bbox 1699 1373 1786 1399; x_wconf 80' lang='lat' dir='ltr'>super</span> <span class='ocrx_word' id='word_1_257' title='bbox 1799 1364 1955 1391; x_wconf 80' lang='lat' dir='ltr'>essentiam</span> <span class='ocrx_word' id='word_1_258' title='bbox 1971 1370 2136 1400; x_wconf 85' lang='lat' dir='ltr'>respectum</span> 
     </span>
     <span class='ocr_line' id='line_1_23' title="bbox 662 1413 2138 1449; baseline -0.003 -6"><span class='ocrx_word' id='word_1_259' title='bbox 662 1417 699 1443; x_wconf 84' lang='lat' dir='ltr'>ad</span> <span class='ocrx_word' id='word_1_260' title='bbox 714 1417 807 1442; x_wconf 82' lang='lat' dir='ltr'>Deum</span> <span class='ocrx_word' id='word_1_261' title='bbox 828 1416 902 1442; x_wconf 76' lang='lat' dir='ltr'>sicut</span> <span class='ocrx_word' id='word_1_262' title='bbox 927 1419 930 1449; x_wconf 80' lang='grc' dir='ltr'>Ι</span> <span class='ocrx_word' id='word_1_263' title='bbox 953 1415 990 1441; x_wconf 78' lang='lat' dir='ltr'>ud</span> <span class='ocrx_word' id='word_1_264' title='bbox 1005 1423 1122 1441; x_wconf 72' lang='lat' dir='ltr'>causam</span> <span class='ocrx_word' id='word_1_265' title='bbox 1137 1414 1324 1445; x_wconf 65' lang='lat' dir='ltr'>efficientem,</span> <span class='ocrx_word' id='word_1_266' title='bbox 1338 1418 1366 1440; x_wconf 69' lang='lat' dir='ltr'>vt</span> <span class='ocrx_word' id='word_1_267' title='bbox 1387 1414 1453 1439; x_wconf 67' lang='lat' dir='ltr'>ideo</span> <span class='ocrx_word' id='word_1_268' title='bbox 1468 1413 1564 1439; x_wconf 67' lang='lat' dir='ltr'>din‘ert</span> <span class='ocrx_word' id='word_1_269' title='bbox 1579 1414 1615 1439; x_wconf 71' lang='lat' dir='ltr'>ab</span> <span class='ocrx_word' id='word_1_270' title='bbox 1630 1413 1756 1440; x_wconf 76' lang='lat' dir='ltr'>essentia</span> <span class='ocrx_word' id='word_1_271' title='bbox 1777 1422 1834 1439; x_wconf 89' lang='lat' dir='ltr'>non</span> <span class='ocrx_word' id='word_1_272' title='bbox 1848 1413 1942 1440; x_wconf 84' lang='lat' dir='ltr'>solum</span> <span class='ocrx_word' id='word_1_273' title='bbox 1957 1413 2070 1440; x_wconf 80' lang='lat' dir='ltr'>ratione</span> <span class='ocrx_word' id='word_1_274' title='bbox 2084 1413 2138 1440; x_wconf 75' lang='lat' dir='ltr'>sed</span> 
     </span>
     <span class='ocr_line' id='line_1_24' title="bbox 662 1461 2136 1497; baseline -0.002 -6"><span class='ocrx_word' id='word_1_275' title='bbox 662 1465 748 1492; x_wconf 81' lang='lat' dir='ltr'>etiam</span> <span class='ocrx_word' id='word_1_276' title='bbox 776 1464 945 1496; x_wconf 81' lang='lat' dir='ltr'>intentione,</span> <span class='ocrx_word' id='word_1_277' title='bbox 968 1473 1026 1490; x_wconf 87' lang='lat' dir='ltr'>non</span> <span class='ocrx_word' id='word_1_278' title='bbox 1048 1468 1145 1490; x_wconf 81' lang='lat' dir='ltr'>tamen</span> <span class='ocrx_word' id='word_1_279' title='bbox 1169 1472 1207 1494; x_wconf 77' lang='lat' dir='ltr'>re,</span> <span class='ocrx_word' id='word_1_280' title='bbox 1231 1467 1259 1489; x_wconf 87' lang='lat' dir='ltr'>et</span> <span class='ocrx_word' id='word_1_281' title='bbox 1284 1462 1351 1488; x_wconf 71' lang='lat' dir='ltr'>iden</span> <span class='ocrx_word' id='word_1_282' title='bbox 1375 1467 1471 1497; x_wconf 69' lang='lat' dir='ltr'>potest</span> <span class='ocrx_word' id='word_1_283' title='bbox 1495 1462 1551 1488; x_wconf 83' lang='lat' dir='ltr'>‹lici</span> <span class='ocrx_word' id='word_1_284' title='bbox 1576 1462 1702 1488; x_wconf 72' lang='lat' dir='ltr'>essentia</span> <span class='ocrx_word' id='word_1_285' title='bbox 1726 1471 1783 1488; x_wconf 77' lang='lat' dir='ltr'>non</span> <span class='ocrx_word' id='word_1_286' title='bbox 1807 1470 1873 1488; x_wconf 79' lang='lat' dir='ltr'>esse</span> <span class='ocrx_word' id='word_1_287' title='bbox 1899 1467 1927 1488; x_wconf 85' lang='lat' dir='ltr'>et</span> <span class='ocrx_word' id='word_1_288' title='bbox 1953 1466 2051 1497; x_wconf 80' lang='lat' dir='ltr'>potest</span> <span class='ocrx_word' id='word_1_289' title='bbox 2079 1461 2136 1488; x_wconf 89' lang='lat' dir='ltr'>dici</span> 
     </span>
     <span class='ocr_line' id='line_1_25' title="bbox 663 1511 2138 1550; baseline -0.002 -10"><span class='ocrx_word' id='word_1_290' title='bbox 663 1514 740 1550; x_wconf 82' lang='lat' dir='ltr'>quod</span> <span class='ocrx_word' id='word_1_291' title='bbox 761 1523 826 1540; x_wconf 69' lang='lat' dir='ltr'>esse</span> <span class='ocrx_word' id='word_1_292' title='bbox 847 1519 890 1539; x_wconf 78' lang='lat' dir='ltr'>est</span> <span class='ocrx_word' id='word_1_293' title='bbox 910 1513 1125 1548; x_wconf 68' lang='lat' dir='ltr'>participatum,</span> <span class='ocrx_word' id='word_1_294' title='bbox 1139 1513 1193 1538; x_wconf 71' lang='lat' dir='ltr'>linc</span> <span class='ocrx_word' id='word_1_295' title='bbox 1209 1512 1228 1526; x_wconf 72' lang='lat'>¹²</span> <span class='ocrx_word' id='word_1_296' title='bbox 1247 1520 1304 1537; x_wconf 71' lang='lat' dir='ltr'>non</span> <span class='ocrx_word' id='word_1_297' title='bbox 1326 1511 1411 1537; x_wconf 71' lang='lat' dir='ltr'>valet.</span> <span class='ocrx_word' id='word_1_298' title='bbox 1434 1511 1528 1537; x_wconf 70' lang='lat' dir='ltr'>Primo</span> <span class='ocrx_word' id='word_1_299' title='bbox 1543 1511 1610 1545; x_wconf 78' lang='lat' dir='ltr'>quia</span> <span class='ocrx_word' id='word_1_300' title='bbox 1624 1520 1690 1537; x_wconf 75' lang='lat' dir='ltr'>csse</span> <span class='ocrx_word' id='word_1_301' title='bbox 1705 1511 1876 1546; x_wconf 77' lang='lat' dir='ltr'>simpliciter</span> <span class='ocrx_word' id='word_1_302' title='bbox 1890 1511 2138 1546; x_wconf 77' lang='lat' dir='ltr'>praesupponitur</span> 
     </span>
     <span class='ocr_line' id='line_1_26' title="bbox 662 1559 2136 1598; baseline -0.003 -8"><span class='ocrx_word' id='word_1_303' title='bbox 662 1563 688 1590; x_wconf 87' lang='lat' dir='ltr'>ei</span> <span class='ocrx_word' id='word_1_304' title='bbox 712 1562 790 1598; x_wconf 82' lang='lat' dir='ltr'>quod</span> <span class='ocrx_word' id='word_1_305' title='bbox 814 1567 858 1588; x_wconf 78' lang='lat' dir='ltr'>est</span> <span class='ocrx_word' id='word_1_306' title='bbox 881 1570 946 1588; x_wconf 82' lang='lat' dir='ltr'>esse</span> <span class='ocrx_word' id='word_1_307' title='bbox 969 1561 1006 1588; x_wconf 69' lang='lat' dir='ltr'>ad</span> <span class='ocrx_word' id='word_1_308' title='bbox 1029 1561 1147 1596; x_wconf 83' lang='lat' dir='ltr'>aliquid.</span> <span class='ocrx_word' id='word_1_309' title='bbox 1168 1560 1227 1587; x_wconf 75' lang='lat' dir='ltr'>Sed</span> <span class='ocrx_word' id='word_1_310' title='bbox 1251 1565 1403 1595; x_wconf 83' lang='lat' dir='ltr'>respectus</span> <span class='ocrx_word' id='word_1_311' title='bbox 1421 1559 1469 1586; x_wconf 78' lang='lat' dir='ltr'>ille</span> <span class='ocrx_word' id='word_1_312' title='bbox 1483 1560 1502 1574; x_wconf 71' lang='lat'>¹⁶</span> <span class='ocrx_word' id='word_1_313' title='bbox 1526 1559 1575 1585; x_wconf 78' lang='lat' dir='ltr'>dat</span> <span class='ocrx_word' id='word_1_314' title='bbox 1599 1564 1709 1586; x_wconf 73' lang='lat' dir='ltr'>tuntum</span> <span class='ocrx_word' id='word_1_315' title='bbox 1725 1560 1743 1574; x_wconf 77' lang='lat'>¹²</span> <span class='ocrx_word' id='word_1_316' title='bbox 1766 1568 1831 1586; x_wconf 82' lang='lat' dir='ltr'>esse</span> <span class='ocrx_word' id='word_1_317' title='bbox 1855 1559 1891 1586; x_wconf 92' lang='lat' dir='ltr'>ad</span> <span class='ocrx_word' id='word_1_318' title='bbox 1915 1559 2034 1595; x_wconf 87' lang='lat' dir='ltr'>aliquid.</span> <span class='ocrx_word' id='word_1_319' title='bbox 2058 1560 2136 1593; x_wconf 73' lang='lat' dir='ltr'>Ergo</span> 
     </span>
     <span class='ocr_line' id='line_1_27' title="bbox 661 1608 2137 1647; baseline -0.002 -9"><span class='ocrx_word' id='word_1_320' title='bbox 661 1611 872 1647; x_wconf 75' lang='lat' dir='ltr'>praesupponit</span> <span class='ocrx_word' id='word_1_321' title='bbox 893 1620 957 1637; x_wconf 74' lang='lat' dir='ltr'>esse</span> <span class='ocrx_word' id='word_1_322' title='bbox 979 1609 1150 1645; x_wconf 75' lang='lat' dir='ltr'>simpliciter</span> <span class='ocrx_word' id='word_1_323' title='bbox 1163 1611 1198 1638; x_wconf 76' lang='lat'>¹⁸:</span> <span class='ocrx_word' id='word_1_324' title='bbox 1219 1618 1290 1643; x_wconf 79' lang='lat' dir='ltr'>ergo</span> <span class='ocrx_word' id='word_1_325' title='bbox 1311 1609 1376 1635; x_wconf 73' lang='lat' dir='ltr'>talis</span> <span class='ocrx_word' id='word_1_326' title='bbox 1397 1614 1548 1643; x_wconf 57' lang='lat' dir='ltr'>respectus·</span> <span class='ocrx_word' id='word_1_327' title='bbox 1571 1608 1620 1634; x_wconf 80' lang='lat' dir='ltr'>dat</span> <span class='ocrx_word' id='word_1_328' title='bbox 1644 1609 1706 1634; x_wconf 73' lang='lat' dir='ltr'>six-e</span> <span class='ocrx_word' id='word_1_329' title='bbox 1723 1609 1743 1623; x_wconf 81' lang='lat'>¹⁰</span> <span class='ocrx_word' id='word_1_330' title='bbox 1766 1608 1916 1635; x_wconf 81' lang='lat' dir='ltr'>constituit</span> <span class='ocrx_word' id='word_1_331' title='bbox 1939 1617 2006 1635; x_wconf 85' lang='lat' dir='ltr'>esse</span> <span class='ocrx_word' id='word_1_332' title='bbox 2027 1608 2137 1644; x_wconf 85' lang='lat' dir='ltr'>simpli-</span> 
     </span>
     <span class='ocr_line' id='line_1_28' title="bbox 661 1657 2136 1694; baseline -0.003 -7"><span class='ocrx_word' id='word_1_333' title='bbox 661 1660 741 1687; x_wconf 86' lang='lat' dir='ltr'>citer.</span> <span class='ocrx_word' id='word_1_334' title='bbox 767 1659 904 1687; x_wconf 82' lang='lat' dir='ltr'>Secundo</span> <span class='ocrx_word' id='word_1_335' title='bbox 928 1659 995 1694; x_wconf 76' lang='lat' dir='ltr'>quin</span> <span class='ocrx_word' id='word_1_336' title='bbox 1019 1659 1096 1685; x_wconf 87' lang='lat' dir='ltr'>actio</span> <span class='ocrx_word' id='word_1_337' title='bbox 1119 1667 1236 1693; x_wconf 75' lang='lat' dir='ltr'>semper</span> <span class='ocrx_word' id='word_1_338' title='bbox 1258 1657 1427 1684; x_wconf 79' lang='lat' dir='ltr'>terminatur</span> <span class='ocrx_word' id='word_1_339' title='bbox 1453 1657 1619 1683; x_wconf 74' lang='lat' dir='ltr'>necessario</span> <span class='ocrx_word' id='word_1_340' title='bbox 1655 1657 1692 1683; x_wconf 84' lang='lat' dir='ltr'>ad</span> <span class='ocrx_word' id='word_1_341' title='bbox 1718 1657 1827 1692; x_wconf 86' lang='lat' dir='ltr'>aliquid</span> <span class='ocrx_word' id='word_1_342' title='bbox 1854 1657 2030 1688; x_wconf 65' lang='lat' dir='ltr'>absolutum,</span> <span class='ocrx_word' id='word_1_343' title='bbox 2058 1657 2136 1684; x_wconf 73' lang='lat' dir='ltr'>actio</span> 
     </span>
     <span class='ocr_line' id='line_1_29' title="bbox 661 1706 1639 1739; baseline -0.005 -3"><span class='ocrx_word' id='word_1_344' title='bbox 661 1713 756 1736; x_wconf 87' lang='lat' dir='ltr'>autem</span> <span class='ocrx_word' id='word_1_345' title='bbox 780 1709 832 1735; x_wconf 83' lang='lat' dir='ltr'>Dei</span> <span class='ocrx_word' id='word_1_346' title='bbox 857 1709 1026 1734; x_wconf 78' lang='lat' dir='ltr'>terminatur</span> <span class='ocrx_word' id='word_1_347' title='bbox 1049 1707 1085 1734; x_wconf 83' lang='lat' dir='ltr'>ad</span> <span class='ocrx_word' id='word_1_348' title='bbox 1108 1716 1173 1733; x_wconf 69' lang='lat' dir='ltr'>esse</span> <span class='ocrx_word' id='word_1_349' title='bbox 1196 1711 1356 1733; x_wconf 81' lang='lat' dir='ltr'>creaturae.</span> <span class='ocrx_word' id='word_1_350' title='bbox 1381 1706 1457 1739; x_wconf 61' lang='lat' dir='ltr'>Ergo</span> <span class='ocrx_word' id='word_1_351' title='bbox 1481 1710 1509 1732; x_wconf 84' lang='lat' dir='ltr'>et</span> <span class='ocrx_word' id='word_1_352' title='bbox 1532 1710 1639 1732; x_wconf 83' lang='lat' dir='ltr'>cetera.</span> 
     </span>
    </p>

    <p class='ocr_par' dir='ltr' id='par_1_7' title="bbox 656 1754 2135 2180">
     <span class='ocr_line' id='line_1_30' title="bbox 749 1754 2134 1792; baseline -0.002 -8"><span class='ocrx_word' id='word_1_353' title='bbox 749 1758 795 1784; x_wconf 79' lang='lat' dir='ltr'>Ad</span> <span class='ocrx_word' id='word_1_354' title='bbox 815 1757 900 1783; x_wconf 81' lang='lat' dir='ltr'>huius</span> <span class='ocrx_word' id='word_1_355' title='bbox 919 1766 990 1792; x_wconf 79' lang='lat' dir='ltr'>ergo</span> <span class='ocrx_word' id='word_1_356' title='bbox 1005 1756 1182 1783; x_wconf 81' lang='lat' dir='ltr'>evidentiam</span> <span class='ocrx_word' id='word_1_357' title='bbox 1203 1755 1352 1782; x_wconf 86' lang='lat' dir='ltr'>sciendum</span> <span class='ocrx_word' id='word_1_358' title='bbox 1373 1754 1467 1790; x_wconf 86' lang='lat' dir='ltr'>primo</span> <span class='ocrx_word' id='word_1_359' title='bbox 1487 1754 1565 1789; x_wconf 81' lang='lat' dir='ltr'>quod</span> <span class='ocrx_word' id='word_1_360' title='bbox 1586 1754 1613 1780; x_wconf 92' lang='lat' dir='ltr'>in</span> <span class='ocrx_word' id='word_1_361' title='bbox 1634 1763 1727 1781; x_wconf 86' lang='lat' dir='ltr'>rerum</span> <span class='ocrx_word' id='word_1_362' title='bbox 1743 1759 1845 1781; x_wconf 86' lang='lat' dir='ltr'>natura</span> <span class='ocrx_word' id='word_1_363' title='bbox 1859 1759 1940 1781; x_wconf 84' lang='lat' dir='ltr'>extra</span> <span class='ocrx_word' id='word_1_364' title='bbox 1955 1754 2134 1781; x_wconf 83' lang='lat' dir='ltr'>intellectum</span> 
     </span>
     <span class='ocr_line' id='line_1_31' title="bbox 658 1803 2134 1841; baseline -0.003 -7"><span class='ocrx_word' id='word_1_365' title='bbox 658 1816 717 1834; x_wconf 87' lang='lat' dir='ltr'>non</span> <span class='ocrx_word' id='word_1_366' title='bbox 741 1812 785 1833; x_wconf 75' lang='lat' dir='ltr'>est</span> <span class='ocrx_word' id='word_1_367' title='bbox 808 1806 917 1841; x_wconf 82' lang='lat' dir='ltr'>aliquid</span> <span class='ocrx_word' id='word_1_368' title='bbox 941 1805 1019 1840; x_wconf 81' lang='lat' dir='ltr'>quod</span> <span class='ocrx_word' id='word_1_369' title='bbox 1042 1805 1078 1831; x_wconf 86' lang='lat' dir='ltr'>sit</span> <span class='ocrx_word' id='word_1_370' title='bbox 1093 1814 1158 1831; x_wconf 77' lang='lat' dir='ltr'>esse</span> <span class='ocrx_word' id='word_1_371' title='bbox 1172 1804 1276 1836; x_wconf 71' lang='lat' dir='ltr'>solum,</span> <span class='ocrx_word' id='word_1_372' title='bbox 1290 1804 1329 1830; x_wconf 68' lang='lat' dir='ltr'>ita</span> <span class='ocrx_word' id='word_1_373' title='bbox 1354 1804 1466 1830; x_wconf 75' lang='lat' dir='ltr'>seilicet</span> <span class='ocrx_word' id='word_1_374' title='bbox 1478 1804 1500 1818; x_wconf 75' lang='lat'>²⁰</span> <span class='ocrx_word' id='word_1_375' title='bbox 1522 1803 1600 1838; x_wconf 74' lang='lat' dir='ltr'>quod</span> <span class='ocrx_word' id='word_1_376' title='bbox 1615 1803 1689 1830; x_wconf 86' lang='lat' dir='ltr'>ratio</span> <span class='ocrx_word' id='word_1_377' title='bbox 1713 1812 1765 1830; x_wconf 72' lang='lat' dir='ltr'>sua</span> <span class='ocrx_word' id='word_1_378' title='bbox 1786 1803 1813 1830; x_wconf 89' lang='lat' dir='ltr'>in</span> <span class='ocrx_word' id='word_1_379' title='bbox 1833 1803 1961 1830; x_wconf 85' lang='lat' dir='ltr'>essendo</span> <span class='ocrx_word' id='word_1_380' title='bbox 1981 1803 2018 1830; x_wconf 84' lang='lat' dir='ltr'>sit</span> <span class='ocrx_word' id='word_1_381' title='bbox 2038 1804 2134 1830; x_wconf 80' lang='lat' dir='ltr'>sulum</span> 
     </span>
     <span class='ocr_line' id='line_1_32' title="bbox 658 1851 2135 1889; baseline -0.003 -7"><span class='ocrx_word' id='word_1_382' title='bbox 658 1856 732 1882; x_wconf 84' lang='lat' dir='ltr'>ratio</span> <span class='ocrx_word' id='word_1_383' title='bbox 753 1855 869 1881; x_wconf 79' lang='lat' dir='ltr'>essendi</span> <span class='ocrx_word' id='word_1_384' title='bbox 889 1855 951 1881; x_wconf 84' lang='lat' dir='ltr'>sinc</span> <span class='ocrx_word' id='word_1_385' title='bbox 972 1853 1158 1889; x_wconf 79' lang='lat' dir='ltr'>appositione</span> <span class='ocrx_word' id='word_1_386' title='bbox 1181 1852 1302 1880; x_wconf 81' lang='lat' dir='ltr'>alicuius</span> <span class='ocrx_word' id='word_1_387' title='bbox 1327 1852 1510 1887; x_wconf 74' lang='lat' dir='ltr'>particularis</span> <span class='ocrx_word' id='word_1_388' title='bbox 1530 1851 1651 1878; x_wconf 80' lang='lat' dir='ltr'>rationis</span> <span class='ocrx_word' id='word_1_389' title='bbox 1673 1851 1798 1878; x_wconf 82' lang='lat' dir='ltr'>essendi.</span> <span class='ocrx_word' id='word_1_390' title='bbox 1819 1852 1907 1886; x_wconf 81' lang='lat' dir='ltr'>Quod</span> <span class='ocrx_word' id='word_1_391' title='bbox 1930 1857 2012 1888; x_wconf 85' lang='lat' dir='ltr'>patet</span> <span class='ocrx_word' id='word_1_392' title='bbox 2032 1852 2135 1887; x_wconf 85' lang='lat' dir='ltr'>primo,</span> 
     </span>
     <span class='ocr_line' id='line_1_33' title="bbox 659 1901 2135 1940; baseline -0.003 -9"><span class='ocrx_word' id='word_1_393' title='bbox 659 1905 727 1940; x_wconf 85' lang='lat' dir='ltr'>quia</span> <span class='ocrx_word' id='word_1_394' title='bbox 747 1904 771 1930; x_wconf 86' lang='lat' dir='ltr'>si</span> <span class='ocrx_word' id='word_1_395' title='bbox 791 1904 967 1930; x_wconf 74' lang='lat' dir='ltr'>universalia</span> <span class='ocrx_word' id='word_1_396' title='bbox 988 1903 1015 1929; x_wconf 91' lang='lat' dir='ltr'>in</span> <span class='ocrx_word' id='word_1_397' title='bbox 1036 1911 1090 1929; x_wconf 89' lang='lat' dir='ltr'>suo</span> <span class='ocrx_word' id='word_1_398' title='bbox 1110 1911 1176 1928; x_wconf 75' lang='lat' dir='ltr'>esse</span> <span class='ocrx_word' id='word_1_399' title='bbox 1197 1901 1352 1928; x_wconf 73' lang='lat' dir='ltr'>universali</span> <span class='ocrx_word' id='word_1_400' title='bbox 1374 1906 1401 1927; x_wconf 65' lang='lat' dir='ltr'>et</span> <span class='ocrx_word' id='word_1_401' title='bbox 1422 1902 1570 1927; x_wconf 77' lang='lat' dir='ltr'>abstracto</span> <span class='ocrx_word' id='word_1_402' title='bbox 1585 1909 1642 1927; x_wconf 85' lang='lat' dir='ltr'>non</span> <span class='ocrx_word' id='word_1_403' title='bbox 1657 1901 1766 1927; x_wconf 86' lang='lat' dir='ltr'>habent</span> <span class='ocrx_word' id='word_1_404' title='bbox 1781 1910 1846 1927; x_wconf 83' lang='lat' dir='ltr'>esse</span> <span class='ocrx_word' id='word_1_405' title='bbox 1867 1901 1894 1927; x_wconf 88' lang='lat' dir='ltr'>in</span> <span class='ocrx_word' id='word_1_406' title='bbox 1915 1910 2008 1927; x_wconf 86' lang='lat' dir='ltr'>rerum</span> <span class='ocrx_word' id='word_1_407' title='bbox 2023 1906 2135 1933; x_wconf 82' lang='lat' dir='ltr'>natura,</span> 
     </span>
     <span class='ocr_line' id='line_1_34' title="bbox 658 1949 2134 1985; baseline -0.003 -5"><span class='ocrx_word' id='word_1_408' title='bbox 658 1953 711 1980; x_wconf 87' lang='lat' dir='ltr'>sed</span> <span class='ocrx_word' id='word_1_409' title='bbox 734 1957 844 1980; x_wconf 80' lang='lat' dir='ltr'>tantum</span> <span class='ocrx_word' id='word_1_410' title='bbox 859 1954 880 1968; x_wconf 74' lang='lat'>‘³¹</span> <span class='ocrx_word' id='word_1_411' title='bbox 903 1952 931 1978; x_wconf 90' lang='lat' dir='ltr'>in</span> <span class='ocrx_word' id='word_1_412' title='bbox 955 1951 1112 1983; x_wconf 83' lang='lat' dir='ltr'>intellectu,</span> <span class='ocrx_word' id='word_1_413' title='bbox 1137 1954 1254 1985; x_wconf 82' lang='lat' dir='ltr'>oportet</span> <span class='ocrx_word' id='word_1_414' title='bbox 1275 1951 1329 1976; x_wconf 88' lang='lat' dir='ltr'>hoc</span> <span class='ocrx_word' id='word_1_415' title='bbox 1345 1950 1366 1965; x_wconf 73' lang='lat'>²²</span> <span class='ocrx_word' id='word_1_416' title='bbox 1386 1949 1511 1976; x_wconf 82' lang='lat' dir='ltr'>maxime</span> <span class='ocrx_word' id='word_1_417' title='bbox 1539 1949 1683 1976; x_wconf 80' lang='lat' dir='ltr'>verificari</span> <span class='ocrx_word' id='word_1_418' title='bbox 1709 1949 1746 1976; x_wconf 89' lang='lat' dir='ltr'>de</span> <span class='ocrx_word' id='word_1_419' title='bbox 1766 1949 1892 1976; x_wconf 89' lang='lat' dir='ltr'>maxime</span> <span class='ocrx_word' id='word_1_420' title='bbox 1911 1949 2134 1976; x_wconf 75' lang='lat' dir='ltr'>universalibus.</span> 
     </span>
     <span class='ocr_line' id='line_1_35' title="bbox 658 1998 2134 2034; baseline -0.003 -5"><span class='ocrx_word' id='word_1_421' title='bbox 658 2002 718 2029; x_wconf 89' lang='lat' dir='ltr'>Sed</span> <span class='ocrx_word' id='word_1_422' title='bbox 738 2011 790 2028; x_wconf 88' lang='lat' dir='ltr'>ens</span> <span class='ocrx_word' id='word_1_423' title='bbox 810 2006 838 2028; x_wconf 85' lang='lat' dir='ltr'>et</span> <span class='ocrx_word' id='word_1_424' title='bbox 859 2010 923 2027; x_wconf 81' lang='lat' dir='ltr'>esse</span> <span class='ocrx_word' id='word_1_425' title='bbox 943 2005 1010 2026; x_wconf 83' lang='lat' dir='ltr'>sunt</span> <span class='ocrx_word' id='word_1_426' title='bbox 1024 2000 1061 2026; x_wconf 89' lang='lat' dir='ltr'>de</span> <span class='ocrx_word' id='word_1_427' title='bbox 1075 1999 1230 2026; x_wconf 75' lang='lat' dir='ltr'>maxime²³</span> <span class='ocrx_word' id='word_1_428' title='bbox 1243 1998 1465 2025; x_wconf 76' lang='lat' dir='ltr'>universalibus.</span> <span class='ocrx_word' id='word_1_429' title='bbox 1486 1999 1564 2033; x_wconf 76' lang='lat' dir='ltr'>Ergo</span> <span class='ocrx_word' id='word_1_430' title='bbox 1579 2004 1607 2025; x_wconf 90' lang='lat' dir='ltr'>et</span> <span class='ocrx_word' id='word_1_431' title='bbox 1621 2003 1727 2025; x_wconf 88' lang='lat' dir='ltr'>cetera.</span> <span class='ocrx_word' id='word_1_432' title='bbox 1743 1998 1888 2030; x_wconf 73' lang='lat' dir='ltr'>Secundo,</span> <span class='ocrx_word' id='word_1_433' title='bbox 1903 1998 1970 2034; x_wconf 91' lang='lat' dir='ltr'>quia</span> <span class='ocrx_word' id='word_1_434' title='bbox 1985 1998 2010 2025; x_wconf 83' lang='lat' dir='ltr'>si</span> <span class='ocrx_word' id='word_1_435' title='bbox 2024 1998 2134 2033; x_wconf 87' lang='lat' dir='ltr'>aliquid</span> 
     </span>
     <span class='ocr_line' id='line_1_36' title="bbox 657 2047 2134 2079; baseline -0.003 -2"><span class='ocrx_word' id='word_1_436' title='bbox 657 2051 685 2077; x_wconf 92' lang='lat' dir='ltr'>in</span> <span class='ocrx_word' id='word_1_437' title='bbox 717 2059 812 2077; x_wconf 89' lang='lat' dir='ltr'>rerum</span> <span class='ocrx_word' id='word_1_438' title='bbox 845 2054 947 2076; x_wconf 78' lang='lat' dir='ltr'>natum</span> <span class='ocrx_word' id='word_1_439' title='bbox 979 2053 1057 2075; x_wconf 76' lang='lat' dir='ltr'>esset</span> <span class='ocrx_word' id='word_1_440' title='bbox 1090 2057 1155 2075; x_wconf 86' lang='lat' dir='ltr'>esse</span> <span class='ocrx_word' id='word_1_441' title='bbox 1187 2048 1321 2074; x_wconf 79' lang='lat' dir='ltr'>absolute</span> <span class='ocrx_word' id='word_1_442' title='bbox 1353 2047 1472 2079; x_wconf 84' lang='lat' dir='ltr'>dictum,</span> <span class='ocrx_word' id='word_1_443' title='bbox 1500 2047 1608 2073; x_wconf 89' lang='lat' dir='ltr'>nullam</span> <span class='ocrx_word' id='word_1_444' title='bbox 1638 2047 1860 2074; x_wconf 80' lang='lat' dir='ltr'>determinatam</span> <span class='ocrx_word' id='word_1_445' title='bbox 1889 2047 2030 2074; x_wconf 85' lang='lat' dir='ltr'>rationem</span> <span class='ocrx_word' id='word_1_446' title='bbox 2058 2047 2134 2074; x_wconf 87' lang='lat' dir='ltr'>entis</span> 
     </span>
     <span class='ocr_line' id='line_1_37' title="bbox 656 2095 2133 2132; baseline -0.003 -6"><span class='ocrx_word' id='word_1_447' title='bbox 656 2099 818 2132; x_wconf 84' lang='lat' dir='ltr'>includens,</span> <span class='ocrx_word' id='word_1_448' title='bbox 839 2108 904 2125; x_wconf 88' lang='lat' dir='ltr'>cum</span> <span class='ocrx_word' id='word_1_449' title='bbox 927 2098 1025 2124; x_wconf 87' lang='lat' dir='ltr'>omnia</span> <span class='ocrx_word' id='word_1_450' title='bbox 1045 2097 1194 2124; x_wconf 79' lang='lat' dir='ltr'>includant</span> <span class='ocrx_word' id='word_1_451' title='bbox 1215 2105 1280 2123; x_wconf 86' lang='lat' dir='ltr'>esse</span> <span class='ocrx_word' id='word_1_452' title='bbox 1291 2097 1312 2112; x_wconf 69' lang='lat'>²²¹</span> <span class='ocrx_word' id='word_1_453' title='bbox 1332 2096 1534 2123; x_wconf 79' lang='lat' dir='ltr'>universaliter</span> <span class='ocrx_word' id='word_1_454' title='bbox 1554 2100 1583 2122; x_wconf 88' lang='lat' dir='ltr'>et</span> <span class='ocrx_word' id='word_1_455' title='bbox 1603 2096 1736 2122; x_wconf 84' lang='lat' dir='ltr'>absolute</span> <span class='ocrx_word' id='word_1_456' title='bbox 1759 2096 1868 2122; x_wconf 90' lang='lat' dir='ltr'>dictum</span> <span class='ocrx_word' id='word_1_457' title='bbox 1880 2096 1910 2128; x_wconf 76' lang='lat'>²⁵,</span> <span class='ocrx_word' id='word_1_458' title='bbox 1924 2095 2021 2122; x_wconf 89' lang='lat' dir='ltr'>omnia</span> <span class='ocrx_word' id='word_1_459' title='bbox 2034 2100 2133 2122; x_wconf 87' lang='lat' dir='ltr'>essent</span> 
     </span>
     <span class='ocr_line' id='line_1_38' title="bbox 657 2144 2132 2180; baseline -0.003 -6"><span class='ocrx_word' id='word_1_460' title='bbox 657 2148 726 2175; x_wconf 89' lang='lat' dir='ltr'>illud</span> <span class='ocrx_word' id='word_1_461' title='bbox 738 2148 760 2163; x_wconf 72' lang='lat'>²⁰</span> <span class='ocrx_word' id='word_1_462' title='bbox 783 2156 870 2174; x_wconf 88' lang='lat' dir='ltr'>unum</span> <span class='ocrx_word' id='word_1_463' title='bbox 893 2155 979 2179; x_wconf 87' lang='lat' dir='ltr'>esse;</span> <span class='ocrx_word' id='word_1_464' title='bbox 1000 2151 1029 2173; x_wconf 82' lang='lat' dir='ltr'>et</span> <span class='ocrx_word' id='word_1_465' title='bbox 1048 2146 1089 2173; x_wconf 90' lang='lat' dir='ltr'>sic</span> <span class='ocrx_word' id='word_1_466' title='bbox 1110 2145 1138 2172; x_wconf 90' lang='lat' dir='ltr'>in</span> <span class='ocrx_word' id='word_1_467' title='bbox 1159 2154 1253 2172; x_wconf 84' lang='lat' dir='ltr'>rerum</span> <span class='ocrx_word' id='word_1_468' title='bbox 1275 2150 1377 2171; x_wconf 66' lang='lat' dir='ltr'>naturai</span> <span class='ocrx_word' id='word_1_469' title='bbox 1402 2145 1498 2171; x_wconf 82' lang='lat' dir='ltr'>omnia</span> <span class='ocrx_word' id='word_1_470' title='bbox 1523 2150 1621 2171; x_wconf 87' lang='lat' dir='ltr'>essent</span> <span class='ocrx_word' id='word_1_471' title='bbox 1641 2144 1760 2180; x_wconf 91' lang='lat' dir='ltr'>aliquod</span> <span class='ocrx_word' id='word_1_472' title='bbox 1780 2153 1867 2171; x_wconf 89' lang='lat' dir='ltr'>unum</span> <span class='ocrx_word' id='word_1_473' title='bbox 1887 2144 2047 2171; x_wconf 88' lang='lat' dir='ltr'>secundum</span> <span class='ocrx_word' id='word_1_474' title='bbox 2071 2153 2132 2170; x_wconf 90' lang='lat' dir='ltr'>rem</span> 
     </span>
    </p>
   </div>
   <div class='ocr_carea' id='block_1_4' title="bbox 656 2194 1694 2232">
    <p class='ocr_par' dir='ltr' id='par_1_8' title="bbox 656 2194 1694 2232">
     <span class='ocr_line' id='line_1_39' title="bbox 656 2194 1694 2232; baseline -0.004 -8"><span class='ocrx_word' id='word_1_475' title='bbox 656 2197 731 2224; x_wconf 82' lang='lat' dir='ltr'>sicut</span> <span class='ocrx_word' id='word_1_476' title='bbox 754 2197 852 2232; x_wconf 84' lang='lat' dir='ltr'>posuit</span> <span class='ocrx_word' id='word_1_477' title='bbox 875 2195 1074 2227; x_wconf 87' lang='lat' dir='ltr'>Parmenides,</span> <span class='ocrx_word' id='word_1_478' title='bbox 1097 2194 1176 2230; x_wconf 86' lang='lat' dir='ltr'>quod</span> <span class='ocrx_word' id='word_1_479' title='bbox 1198 2194 1304 2221; x_wconf 74' lang='lat' dir='ltr'>falsum</span> <span class='ocrx_word' id='word_1_480' title='bbox 1327 2194 1412 2220; x_wconf 56' lang='lat' dir='ltr'>ess-²⁷.</span> <span class='ocrx_word' id='word_1_481' title='bbox 1437 2194 1514 2227; x_wconf 72' lang='lat' dir='ltr'>Ergo</span> <span class='ocrx_word' id='word_1_482' title='bbox 1537 2198 1565 2220; x_wconf 89' lang='lat' dir='ltr'>et</span> <span class='ocrx_word' id='word_1_483' title='bbox 1587 2198 1694 2220; x_wconf 88' lang='lat' dir='ltr'>cetera.</span> 
     </span>
    </p>
   </div>
   <div class='ocr_carea' id='block_1_5' title="bbox 651 2379 2132 2720">
    <p class='ocr_par' dir='ltr' id='par_1_9' title="bbox 651 2379 2132 2720">
     <span class='ocr_line' id='line_1_40' title="bbox 746 2379 2131 2417; baseline -0.004 -7"><span class='ocrx_word' id='word_1_484' title='bbox 746 2385 753 2399; x_wconf 92' lang='lat'>¹</span> <span class='ocrx_word' id='word_1_485' title='bbox 773 2383 797 2410; x_wconf 86' lang='lat' dir='ltr'>si</span> <span class='ocrx_word' id='word_1_486' title='bbox 817 2383 858 2410; x_wconf 88' lang='lat' dir='ltr'>sic</span> <span class='ocrx_word' id='word_1_487' title='bbox 873 2399 905 2402; x_wconf 97' lang='lat'><strong>—</strong></span> <span class='ocrx_word' id='word_1_488' title='bbox 921 2382 1009 2417; x_wconf 85' lang='lat' dir='ltr'>aliud]</span> <span class='ocrx_word' id='word_1_489' title='bbox 1024 2391 1079 2408; x_wconf 88' lang='lat' dir='ltr'>om.</span> <span class='ocrx_word' id='word_1_490' title='bbox 1094 2382 1127 2408; x_wconf 92' lang='lat' dir='ltr'>C.</span> <span class='ocrx_word' id='word_1_491' title='bbox 1141 2397 1174 2400; x_wconf 97' lang='lat'><strong>—</strong></span> <span class='ocrx_word' id='word_1_492' title='bbox 1190 2381 1200 2397; x_wconf 72' lang='lat'><strong>²</strong></span> <span class='ocrx_word' id='word_1_493' title='bbox 1213 2381 1271 2407; x_wconf 89' lang='lat' dir='ltr'>sint</span> <span class='ocrx_word' id='word_1_494' title='bbox 1284 2380 1361 2407; x_wconf 84' lang='lat' dir='ltr'>idem</span> <span class='ocrx_word' id='word_1_495' title='bbox 1377 2386 1473 2407; x_wconf 88' lang='lat' dir='ltr'>tamen</span> <span class='ocrx_word' id='word_1_496' title='bbox 1487 2380 1528 2407; x_wconf 89' lang='lat' dir='ltr'>ita</span> <span class='ocrx_word' id='word_1_497' title='bbox 1542 2380 1574 2407; x_wconf 84' lang='lat' dir='ltr'>C.</span> <span class='ocrx_word' id='word_1_498' title='bbox 1593 2396 1626 2399; x_wconf 97' lang='lat'><strong>—</strong></span> <span class='ocrx_word' id='word_1_499' title='bbox 1640 2381 1651 2396; x_wconf 77' lang='lat'>³</span> <span class='ocrx_word' id='word_1_500' title='bbox 1664 2380 1898 2406; x_wconf 87' lang='lat' dir='ltr'>concomitantur</span> <span class='ocrx_word' id='word_1_501' title='bbox 1911 2379 1944 2406; x_wconf 91' lang='lat' dir='ltr'>C.</span> <span class='ocrx_word' id='word_1_502' title='bbox 1965 2395 1997 2399; x_wconf 92' lang='lat'><strong>—</strong></span> <span class='ocrx_word' id='word_1_503' title='bbox 2013 2381 2022 2394; x_wconf 79' lang='lat'><strong>⁴</strong></span> <span class='ocrx_word' id='word_1_504' title='bbox 2036 2379 2131 2405; x_wconf 76' lang='lat' dir='ltr'>{orma</span> 
     </span>
     <span class='ocr_line' id='line_1_41' title="bbox 654 2423 2130 2460; baseline -0.005 -5"><span class='ocrx_word' id='word_1_505' title='bbox 654 2427 732 2456; x_wconf 86' lang='lat' dir='ltr'>SPC.</span> <span class='ocrx_word' id='word_1_506' title='bbox 748 2444 780 2447; x_wconf 97' lang='lat'><strong>—</strong></span> <span class='ocrx_word' id='word_1_507' title='bbox 802 2429 812 2442; x_wconf 83' lang='lat'>·&#39;&#39;</span> <span class='ocrx_word' id='word_1_508' title='bbox 825 2427 855 2453; x_wconf 85' lang='lat' dir='ltr'>Si</span> <span class='ocrx_word' id='word_1_509' title='bbox 871 2431 967 2453; x_wconf 89' lang='lat' dir='ltr'>autem</span> <span class='ocrx_word' id='word_1_510' title='bbox 982 2431 1051 2453; x_wconf 88' lang='lat' dir='ltr'>sunt</span> <span class='ocrx_word' id='word_1_511' title='bbox 1070 2425 1157 2457; x_wconf 89' lang='lat' dir='ltr'>idem,</span> <span class='ocrx_word' id='word_1_512' title='bbox 1177 2433 1248 2459; x_wconf 77' lang='lat' dir='ltr'>ergo</span> <span class='ocrx_word' id='word_1_513' title='bbox 1262 2433 1309 2451; x_wconf 86' lang='lat' dir='ltr'>res</span> <span class='ocrx_word' id='word_1_514' title='bbox 1322 2433 1380 2450; x_wconf 89' lang='lat' dir='ltr'>non</span> <span class='ocrx_word' id='word_1_515' title='bbox 1400 2429 1498 2460; x_wconf 87' lang='lat' dir='ltr'>potest</span> <span class='ocrx_word' id='word_1_516' title='bbox 1518 2424 1626 2451; x_wconf 83' lang='lat' dir='ltr'>habere</span> <span class='ocrx_word' id='word_1_517' title='bbox 1646 2432 1712 2450; x_wconf 85' lang='lat' dir='ltr'>esse</span> <span class='ocrx_word' id='word_1_518' title='bbox 1731 2423 1810 2450; x_wconf 84' lang='lat' dir='ltr'>reale</span> <span class='ocrx_word' id='word_1_519' title='bbox 1830 2427 1970 2458; x_wconf 85' lang='lat' dir='ltr'>quantum</span> <span class='ocrx_word' id='word_1_520' title='bbox 1985 2423 2022 2449; x_wconf 90' lang='lat' dir='ltr'>ad</span> <span class='ocrx_word' id='word_1_521' title='bbox 2041 2431 2130 2449; x_wconf 88' lang='lat' dir='ltr'>unum</span> 
     </span>
     <span class='ocr_line' id='line_1_42' title="bbox 654 2467 2130 2506; baseline -0.005 -7"><span class='ocrx_word' id='word_1_522' title='bbox 654 2477 683 2499; x_wconf 86' lang='lat' dir='ltr'>et</span> <span class='ocrx_word' id='word_1_523' title='bbox 696 2481 754 2498; x_wconf 90' lang='lat' dir='ltr'>non</span> <span class='ocrx_word' id='word_1_524' title='bbox 769 2475 908 2506; x_wconf 89' lang='lat' dir='ltr'>quantum</span> <span class='ocrx_word' id='word_1_525' title='bbox 923 2470 960 2496; x_wconf 87' lang='lat' dir='ltr'>ad</span> <span class='ocrx_word' id='word_1_526' title='bbox 974 2469 1052 2496; x_wconf 87' lang='lat' dir='ltr'>aliud</span> <span class='ocrx_word' id='word_1_527' title='bbox 1065 2469 1134 2495; x_wconf 79' lang='lat' dir='ltr'>add.</span> <span class='ocrx_word' id='word_1_528' title='bbox 1150 2468 1182 2496; x_wconf 86' lang='lat' dir='ltr'>C.</span> <span class='ocrx_word' id='word_1_529' title='bbox 1195 2483 1228 2487; x_wconf 97' lang='lat'><strong>—</strong></span> <span class='ocrx_word' id='word_1_530' title='bbox 1241 2469 1252 2483; x_wconf 80' lang='lat'>⁴¹</span> <span class='ocrx_word' id='word_1_531' title='bbox 1264 2477 1295 2494; x_wconf 84' lang='lat' dir='ltr'>re</span> <span class='ocrx_word' id='word_1_532' title='bbox 1310 2467 1341 2494; x_wconf 89' lang='lat' dir='ltr'>C.</span> <span class='ocrx_word' id='word_1_533' title='bbox 1357 2484 1389 2488; x_wconf 97' lang='lat'><strong>—</strong></span> <span class='ocrx_word' id='word_1_534' title='bbox 1406 2468 1414 2483; x_wconf 78' lang='lat'>⁷</span> <span class='ocrx_word' id='word_1_535' title='bbox 1427 2477 1482 2494; x_wconf 89' lang='lat' dir='ltr'>om.</span> <span class='ocrx_word' id='word_1_536' title='bbox 1497 2468 1529 2495; x_wconf 87' lang='lat' dir='ltr'>C.</span> <span class='ocrx_word' id='word_1_537' title='bbox 1544 2483 1577 2487; x_wconf 85' lang='lat'>—</span> <span class='ocrx_word' id='word_1_538' title='bbox 1596 2468 1606 2483; x_wconf 80' lang='lat'>⁸</span> <span class='ocrx_word' id='word_1_539' title='bbox 1619 2467 1691 2494; x_wconf 88' lang='lat' dir='ltr'>illud</span> <span class='ocrx_word' id='word_1_540' title='bbox 1711 2467 1799 2502; x_wconf 90' lang='lat' dir='ltr'>quod]</span> <span class='ocrx_word' id='word_1_541' title='bbox 1815 2475 1870 2493; x_wconf 90' lang='lat' dir='ltr'>om.</span> <span class='ocrx_word' id='word_1_542' title='bbox 1885 2467 1923 2499; x_wconf 90' lang='lat' dir='ltr'>S;</span> <span class='ocrx_word' id='word_1_543' title='bbox 1943 2467 2011 2492; x_wconf 82' lang='lat' dir='ltr'>add.</span> <span class='ocrx_word' id='word_1_544' title='bbox 2031 2475 2130 2501; x_wconf 79' lang='lat' dir='ltr'>marg.</span> 
     </span>
     <span class='ocr_line' id='line_1_43' title="bbox 652 2509 2129 2549; baseline -0.005 -7"><span class='ocrx_word' id='word_1_545' title='bbox 652 2523 687 2542; x_wconf 86' lang='lat' dir='ltr'>2a</span> <span class='ocrx_word' id='word_1_546' title='bbox 701 2525 738 2542; x_wconf 86' lang='lat' dir='ltr'>m.</span> <span class='ocrx_word' id='word_1_547' title='bbox 753 2515 773 2542; x_wconf 94' lang='lat' dir='ltr'>S</span> <span class='ocrx_word' id='word_1_548' title='bbox 785 2524 791 2548; x_wconf 75' lang='lat'>3</span> <span class='ocrx_word' id='word_1_549' title='bbox 805 2514 883 2549; x_wconf 86' lang='lat' dir='ltr'>quod</span> <span class='ocrx_word' id='word_1_550' title='bbox 899 2514 930 2540; x_wconf 96' lang='lat' dir='ltr'>C.</span> <span class='ocrx_word' id='word_1_551' title='bbox 945 2529 978 2533; x_wconf 45' lang='grc' dir='ltr'>υ-</span> <span class='ocrx_word' id='word_1_552' title='bbox 992 2514 1003 2528; x_wconf 67' lang='grc'>”</span> <span class='ocrx_word' id='word_1_553' title='bbox 1016 2518 1060 2540; x_wconf 85' lang='lat' dir='ltr'>est</span> <span class='ocrx_word' id='word_1_554' title='bbox 1075 2513 1107 2539; x_wconf 87' lang='lat' dir='ltr'>C.</span> <span class='ocrx_word' id='word_1_555' title='bbox 1122 2528 1154 2532; x_wconf 91' lang='lat'>—-</span> <span class='ocrx_word' id='word_1_556' title='bbox 1171 2513 1191 2527; x_wconf 85' lang='lat'>¹⁰</span> <span class='ocrx_word' id='word_1_557' title='bbox 1204 2512 1283 2547; x_wconf 88' lang='lat' dir='ltr'>quod</span> <span class='ocrx_word' id='word_1_558' title='bbox 1300 2512 1369 2538; x_wconf 77' lang='lat' dir='ltr'>add.</span> <span class='ocrx_word' id='word_1_559' title='bbox 1385 2511 1416 2539; x_wconf 87' lang='lat' dir='ltr'>C.</span> <span class='ocrx_word' id='word_1_560' title='bbox 1431 2527 1464 2531; x_wconf 71' lang='lat'>-—</span> <span class='ocrx_word' id='word_1_561' title='bbox 1484 2513 1504 2527; x_wconf 92' lang='lat'>¹¹</span> <span class='ocrx_word' id='word_1_562' title='bbox 1517 2516 1562 2538; x_wconf 86' lang='lat' dir='ltr'>est</span> <span class='ocrx_word' id='word_1_563' title='bbox 1576 2510 1609 2538; x_wconf 91' lang='lat' dir='ltr'>C.</span> <span class='ocrx_word' id='word_1_564' title='bbox 1623 2527 1656 2530; x_wconf 97' lang='lat'><strong>—</strong></span> <span class='ocrx_word' id='word_1_565' title='bbox 1673 2511 1693 2526; x_wconf 82' lang='lat'>¹²</span> <span class='ocrx_word' id='word_1_566' title='bbox 1708 2511 1735 2537; x_wconf 91' lang='lat' dir='ltr'>in</span> <span class='ocrx_word' id='word_1_567' title='bbox 1749 2510 1818 2537; x_wconf 75' lang='lat' dir='ltr'>add.</span> <span class='ocrx_word' id='word_1_568' title='bbox 1833 2510 1865 2537; x_wconf 93' lang='lat' dir='ltr'>C.</span> <span class='ocrx_word' id='word_1_569' title='bbox 1881 2526 1914 2530; x_wconf 97' lang='lat'><strong>—</strong></span> <span class='ocrx_word' id='word_1_570' title='bbox 1931 2510 1951 2526; x_wconf 80' lang='lat'>¹³</span> <span class='ocrx_word' id='word_1_571' title='bbox 1963 2514 1993 2536; x_wconf 91' lang='lat' dir='ltr'>et</span> <span class='ocrx_word' id='word_1_572' title='bbox 2011 2510 2080 2536; x_wconf 80' lang='lat' dir='ltr'>add.</span> <span class='ocrx_word' id='word_1_573' title='bbox 2096 2509 2129 2536; x_wconf 89' lang='lat' dir='ltr'>C.</span> 
     </span>
     <span class='ocr_line' id='line_1_44' title="bbox 652 2552 2130 2592; baseline -0.004 -7"><span class='ocrx_word' id='word_1_574' title='bbox 652 2575 686 2579; x_wconf 93' lang='lat'>—</span> <span class='ocrx_word' id='word_1_575' title='bbox 708 2561 728 2574; x_wconf 83' lang='lat'>¹¹</span> <span class='ocrx_word' id='word_1_576' title='bbox 742 2559 779 2585; x_wconf 89' lang='lat' dir='ltr'>ad</span> <span class='ocrx_word' id='word_1_577' title='bbox 799 2559 865 2592; x_wconf 84' lang='lat' dir='ltr'>hoc]</span> <span class='ocrx_word' id='word_1_578' title='bbox 886 2567 940 2584; x_wconf 85' lang='lat' dir='ltr'>om.</span> <span class='ocrx_word' id='word_1_579' title='bbox 961 2557 991 2583; x_wconf 85' lang='lat' dir='ltr'>P.</span> <span class='ocrx_word' id='word_1_580' title='bbox 1011 2573 1044 2576; x_wconf 93' lang='lat'><em>-</em></span> <span class='ocrx_word' id='word_1_581' title='bbox 1067 2557 1087 2572; x_wconf 74' lang='lat'>¹⁵</span> <span class='ocrx_word' id='word_1_582' title='bbox 1107 2565 1161 2582; x_wconf 84' lang='lat' dir='ltr'>om.</span> <span class='ocrx_word' id='word_1_583' title='bbox 1183 2556 1215 2583; x_wconf 91' lang='lat' dir='ltr'>C.</span> <span class='ocrx_word' id='word_1_584' title='bbox 1235 2571 1269 2575; x_wconf 83' lang='lat'>-—</span> <span class='ocrx_word' id='word_1_585' title='bbox 1291 2556 1312 2571; x_wconf 81' lang='lat'>¹⁶</span> <span class='ocrx_word' id='word_1_586' title='bbox 1331 2564 1385 2582; x_wconf 86' lang='lat' dir='ltr'>om.</span> <span class='ocrx_word' id='word_1_587' title='bbox 1400 2555 1432 2582; x_wconf 86' lang='lat' dir='ltr'>C.</span> <span class='ocrx_word' id='word_1_588' title='bbox 1453 2571 1485 2574; x_wconf 97' lang='lat'><strong>—</strong></span> <span class='ocrx_word' id='word_1_589' title='bbox 1507 2556 1527 2570; x_wconf 73' lang='lat'>¹²</span> <span class='ocrx_word' id='word_1_590' title='bbox 1547 2564 1601 2581; x_wconf 88' lang='lat' dir='ltr'>om.</span> <span class='ocrx_word' id='word_1_591' title='bbox 1617 2555 1649 2581; x_wconf 92' lang='lat' dir='ltr'>C.</span> <span class='ocrx_word' id='word_1_592' title='bbox 1663 2570 1696 2574; x_wconf 86' lang='lat'>—-</span> <span class='ocrx_word' id='word_1_593' title='bbox 1712 2555 1733 2570; x_wconf 83' lang='lat'>¹¹³</span> <span class='ocrx_word' id='word_1_594' title='bbox 1745 2563 1803 2581; x_wconf 92' lang='lat' dir='ltr'>non</span> <span class='ocrx_word' id='word_1_595' title='bbox 1817 2554 1885 2580; x_wconf 77' lang='lat' dir='ltr'>add.</span> <span class='ocrx_word' id='word_1_596' title='bbox 1900 2553 1932 2580; x_wconf 94' lang='lat' dir='ltr'>C.</span> <span class='ocrx_word' id='word_1_597' title='bbox 1946 2569 1980 2573; x_wconf 94' lang='lat'>—</span> <span class='ocrx_word' id='word_1_598' title='bbox 2000 2554 2021 2569; x_wconf 76' lang='lat'>¹⁹</span> <span class='ocrx_word' id='word_1_599' title='bbox 2035 2553 2081 2580; x_wconf 87' lang='lat' dir='ltr'>vel</span> <span class='ocrx_word' id='word_1_600' title='bbox 2096 2552 2130 2580; x_wconf 90' lang='lat' dir='ltr'>C.</span> 
     </span>
     <span class='ocr_line' id='line_1_45' title="bbox 652 2597 2132 2631; baseline -0.004 -3"><span class='ocrx_word' id='word_1_601' title='bbox 652 2619 685 2623; x_wconf 89' lang='lat'>—</span> <span class='ocrx_word' id='word_1_602' title='bbox 706 2603 728 2618; x_wconf 75' lang='lat'>²⁰</span> <span class='ocrx_word' id='word_1_603' title='bbox 750 2611 805 2628; x_wconf 88' lang='lat' dir='ltr'>om.</span> <span class='ocrx_word' id='word_1_604' title='bbox 829 2601 861 2628; x_wconf 93' lang='lat' dir='ltr'>C.</span> <span class='ocrx_word' id='word_1_605' title='bbox 882 2617 914 2620; x_wconf 97' lang='lat'><strong>—</strong></span> <span class='ocrx_word' id='word_1_606' title='bbox 935 2601 956 2616; x_wconf 69' lang='lat'>⁸¹</span> <span class='ocrx_word' id='word_1_607' title='bbox 979 2600 1095 2627; x_wconf 83' lang='lat' dir='ltr'>tertium</span> <span class='ocrx_word' id='word_1_608' title='bbox 1118 2600 1138 2626; x_wconf 88' lang='lat' dir='ltr'>S</span> <span class='ocrx_word' id='word_1_609' title='bbox 1162 2600 1193 2626; x_wconf 83' lang='lat' dir='ltr'>in</span> <span class='ocrx_word' id='word_1_610' title='bbox 1215 2604 1326 2626; x_wconf 88' lang='lat' dir='ltr'>tantum</span> <span class='ocrx_word' id='word_1_611' title='bbox 1347 2608 1422 2625; x_wconf 85' lang='lat' dir='ltr'>corr.</span> <span class='ocrx_word' id='word_1_612' title='bbox 1443 2605 1476 2625; x_wconf 77' lang='lat'>21¹</span> <span class='ocrx_word' id='word_1_613' title='bbox 1499 2607 1537 2625; x_wconf 85' lang='lat' dir='ltr'>m.</span> <span class='ocrx_word' id='word_1_614' title='bbox 1560 2598 1590 2625; x_wconf 89' lang='lat' dir='ltr'>S.</span> <span class='ocrx_word' id='word_1_615' title='bbox 1610 2614 1643 2617; x_wconf 98' lang='lat'><strong>—</strong></span> <span class='ocrx_word' id='word_1_616' title='bbox 1663 2598 1686 2613; x_wconf 84' lang='lat'>²²</span> <span class='ocrx_word' id='word_1_617' title='bbox 1705 2607 1760 2624; x_wconf 90' lang='lat' dir='ltr'>om.</span> <span class='ocrx_word' id='word_1_618' title='bbox 1780 2598 1819 2631; x_wconf 90' lang='lat' dir='ltr'>S;</span> <span class='ocrx_word' id='word_1_619' title='bbox 1841 2597 1910 2624; x_wconf 82' lang='lat' dir='ltr'>add.</span> <span class='ocrx_word' id='word_1_620' title='bbox 1930 2603 1964 2623; x_wconf 72' lang='lat'>2¹¹</span> <span class='ocrx_word' id='word_1_621' title='bbox 1987 2605 2025 2623; x_wconf 88' lang='lat' dir='ltr'>m.</span> <span class='ocrx_word' id='word_1_622' title='bbox 2048 2597 2077 2623; x_wconf 87' lang='lat' dir='ltr'>S.</span> <span class='ocrx_word' id='word_1_623' title='bbox 2095 2613 2132 2618; x_wconf 87' lang='lat'>—</span> 
     </span>
     <span class='ocr_line' id='line_1_46' title="bbox 653 2638 2128 2679; baseline -0.005 -6"><span class='ocrx_word' id='word_1_624' title='bbox 653 2647 675 2663; x_wconf 77' lang='lat'>²³</span> <span class='ocrx_word' id='word_1_625' title='bbox 695 2646 731 2673; x_wconf 89' lang='lat' dir='ltr'>de</span> <span class='ocrx_word' id='word_1_626' title='bbox 751 2645 886 2679; x_wconf 87' lang='lat' dir='ltr'>maxime]</span> <span class='ocrx_word' id='word_1_627' title='bbox 906 2644 1030 2670; x_wconf 86' lang='lat' dir='ltr'>maxime</span> <span class='ocrx_word' id='word_1_628' title='bbox 1045 2643 1082 2670; x_wconf 90' lang='lat' dir='ltr'>de</span> <span class='ocrx_word' id='word_1_629' title='bbox 1103 2643 1134 2670; x_wconf 92' lang='lat' dir='ltr'>C.</span> <span class='ocrx_word' id='word_1_630' title='bbox 1147 2659 1180 2663; x_wconf 98' lang='lat'><strong>—</strong></span> <span class='ocrx_word' id='word_1_631' title='bbox 1200 2643 1221 2658; x_wconf 69' lang='lat'>⁹⁴</span> <span class='ocrx_word' id='word_1_632' title='bbox 1235 2652 1290 2669; x_wconf 87' lang='lat' dir='ltr'>om.</span> <span class='ocrx_word' id='word_1_633' title='bbox 1304 2643 1342 2676; x_wconf 66' lang='grc' dir='ltr'>ὃς</span> <span class='ocrx_word' id='word_1_634' title='bbox 1362 2643 1430 2669; x_wconf 78' lang='lat' dir='ltr'>add.</span> <span class='ocrx_word' id='word_1_635' title='bbox 1451 2649 1485 2668; x_wconf 74' lang='lat'>21¹</span> <span class='ocrx_word' id='word_1_636' title='bbox 1507 2651 1543 2668; x_wconf 86' lang='lat' dir='ltr'>m.</span> <span class='ocrx_word' id='word_1_637' title='bbox 1558 2642 1586 2668; x_wconf 92' lang='lat' dir='ltr'>S.</span> <span class='ocrx_word' id='word_1_638' title='bbox 1606 2657 1640 2661; x_wconf 90' lang='lat'>—</span> <span class='ocrx_word' id='word_1_639' title='bbox 1661 2642 1683 2657; x_wconf 83' lang='lat'>²⁵</span> <span class='ocrx_word' id='word_1_640' title='bbox 1701 2641 1809 2668; x_wconf 92' lang='lat' dir='ltr'>nullam</span> <span class='ocrx_word' id='word_1_641' title='bbox 1830 2657 1863 2660; x_wconf 97' lang='lat'><strong>—</strong></span> <span class='ocrx_word' id='word_1_642' title='bbox 1883 2640 2004 2675; x_wconf 87' lang='lat' dir='ltr'>dictum]</span> <span class='ocrx_word' id='word_1_643' title='bbox 2024 2649 2080 2666; x_wconf 87' lang='lat' dir='ltr'>om.</span> <span class='ocrx_word' id='word_1_644' title='bbox 2095 2638 2128 2666; x_wconf 85' lang='lat' dir='ltr'>C.</span> 
     </span>
     <span class='ocr_line' id='line_1_47' title="bbox 651 2686 1394 2720; baseline -0.007 -3"><span class='ocrx_word' id='word_1_645' title='bbox 651 2707 686 2710; x_wconf 97' lang='lat'><strong>—</strong></span> <span class='ocrx_word' id='word_1_646' title='bbox 705 2691 728 2706; x_wconf 75' lang='lat'>²⁰</span> <span class='ocrx_word' id='word_1_647' title='bbox 747 2690 825 2716; x_wconf 87' lang='lat' dir='ltr'>idem</span> <span class='ocrx_word' id='word_1_648' title='bbox 846 2689 877 2716; x_wconf 94' lang='lat' dir='ltr'>C.</span> <span class='ocrx_word' id='word_1_649' title='bbox 893 2705 925 2708; x_wconf 91' lang='lat'>—</span> <span class='ocrx_word' id='word_1_650' title='bbox 945 2689 968 2704; x_wconf 77' lang='lat'>²⁷</span> <span class='ocrx_word' id='word_1_651' title='bbox 981 2687 1087 2714; x_wconf 76' lang='lat' dir='ltr'>falsum</span> <span class='ocrx_word' id='word_1_652' title='bbox 1101 2687 1156 2720; x_wconf 89' lang='lat' dir='ltr'>est]</span> <span class='ocrx_word' id='word_1_653' title='bbox 1177 2690 1221 2713; x_wconf 87' lang='lat' dir='ltr'>est</span> <span class='ocrx_word' id='word_1_654' title='bbox 1241 2686 1346 2713; x_wconf 85' lang='lat' dir='ltr'>falsum</span> <span class='ocrx_word' id='word_1_655' title='bbox 1362 2686 1394 2712; x_wconf 94' lang='lat' dir='ltr'>C.</span> 
     </span>
    </p>
   </div>
  </div>
 </body>
</html>
