2493 3458
695 454 887 487 <graffum
919 455 1216 488 ot1‹›ni.[ssETm1‚
1245 456 1280 488 Q.
1310 455 1391 480 xxu
1728 457 1778 480 :353

311 543 347 568 ad
376 543 470 568 minus
499 543 669 568 solvendum
703 543 855 568 tenebitur.
889 543 919 568 Si
953 547 1047 569 autem
1077 544 1137 569 sit1
1170 543 1217 569 ille
1249 553 1263 568 a
1298 552 1354 577 quo
1384 543 1484 569 habuit
1499 544 1516 575 ²²,
1548 543 1614 569 talis
1643 543 1690 577 qui
1720 551 1778 568 non

311 592 450 617 tenetur³
479 591 672 623 contribuere,
693 591 781 617 debet
807 591 901 617 iurare
928 601 959 618 se
984 601 1041 617 non
1067 593 1175 618 habere
1204 591 1259 617 nisi
1288 595 1403 618 centum
1434 592 1469 617 de
1499 592 1604 626 quibus
1624 591 1731 617 debeat
1751 595 1779 617 et

311 640 403 674 possit
430 639 622 670 contribuere,
644 644 672 665 et
692 644 759 665 tune
780 640 867 666 etiarn
888 641 1047 666 secundum
1069 649 1250 666 communem
1279 640 1417 674 loquendi
1437 649 1519 666 usum
1534 643 1543 655 ⁴
1572 640 1649 666 dicet
1669 649 1778 672 verum,

312 689 378 723 quia
399 688 435 714 de
455 688 579 723 pecunia
605 688 734 714 usuraria
755 698 812 714 non
833 689 921 715 debet
941 689 1125 715 contribuere
1154 698 1207 715 nec
1228 694 1272 715 est
1301 698 1352 715 sua
1380 689 1421 715 sic
1443 689 1519 724 quod
1548 689 1641 723 possit
1668 689 1703 715 de
1730 689 1778 714 illa

312 737 504 763 contribuere.
537 738 565 763 Si
604 742 699 763 autem
733 738 890 763 habuerit-'³
921 747 973 772 per
1008 738 1114 764 furtum
1155 738 1226 763 x'elss
1256 738 1395 772 rapinam,
1427 737 1469 763 sie
1501 738 1587 763 etiam
1619 738 1779 764 secundum

310 795 492 812 communem
513 794 595 811 usum
616 786 754 820 loquendi
774 790 871 821 potest
891 786 988 813 dicere
1009 795 1039 812 se
1059 786 1229 821 simpliciter
1248 795 1304 812 non
1326 787 1442 813 habere.

399 835 446 860 Ad
476 835 616 860 rationem
638 844 708 869 ergo
729 835 884 861 dicendum
906 835 983 870 quod
1004 836 1070 861 licet
1086 836 1094 850 ⁷
1122 844 1179 861 uon
1200 836 1306 861 habeat
1331 835 1408 861 illam
1437 836 1590 870 pecuniam
1611 836 1697 870 pleno
1718 835 1779 861 iure

309 892 363 909 nec
389 884 426 909 sit
446 892 496 909 sua
526 883 704 917 simpliciter,
726 888 769 909 est
799 888 895 909 tamen
917 893 967 909 sua
997 884 1156 910 secundum
1178 893 1360 909 communem
1390 884 1507 910 modurn
1523 885 1532 898 Β
1558 884 1695 919 loquendi
1722 893 1778 918 quo

311 937 523 957 consueverunt
550 932 611 957 fieri
638 937 666 958 et
696 932 786 967 recipi
813 933 881 958 talia
911 933 1080 958 iuramenta.
1109 933 1345 967 Argumentum⁹
1373 933 1400 958 in
1422 933 1596 959 contrarium
1625 942 1682 958 non
1712 941 1779 958 con-

309 980 407 1011 cludit,
429 981 495 1014 quia
515 989 571 1006 non
592 981 623 1006 fit
644 981 691 1006 illa
712 981 862 1007 translatio
883 981 973 1007 libera
995 982 1144 1007 voluntate
1164 981 1216 1007 sed
1236 981 1399 1007 voluntario
1420 981 1519 1008 mixto.

842 1191 1107 1226 QUAESTIO
1139 1192 1247 1217 XXII

964 1265 1123 1288 ‹BREVIS›.

418 1368 525 1394 Utrum
546 1368 648 1402 aliqua
670 1369 803 1402 qualitas*
819 1371 895 1403 putat
916 1369 1017 1394 albedo
1035 1370 1129 1403 possit
1149 1369 1255 1396 habere
1274 1378 1333 1395 esse
1352 1370 1415 1395 sine
1434 1370 1603 1404 qumitilate
1619 1372 1666 1402 (1).

399 1502 505 1527 Postea
540 1502 734 1536 quaerebatur
766 1511 852 1528 unuin
886 1508 1023 1537 quantum
1058 1503 1093 1529 ad
1125 1508 1256 1529 naturam
1289 1503 1509 1536 accidentalem,
1541 1504 1653 1530 scilicet
1684 1508 1779 1530 utrum

311 1550 407 1585 aliqua
431 1550 555 1585 qualitas
579 1555 649 1585 puta
678 1551 783 1577 albedo
804 1551 896 1585 possit
918 1552 1026 1578 habere
1051 1561 1116 1578 esse
1142 1552 1204 1578 sine
1228 1552 1397 1587 quantitate.
1418 1553 1453 1579 Et
1476 1553 1605 1587 arguitur
1626 1553 1703 1587 quod
1729 1553 1780 1585 sic,

310 1599 377 1633 quia
404 1608 460 1625 non
493 1600 587 1625 minus
620 1599 767 1634 dependet
799 1600 904 1626 albedo
937 1610 951 1626 a
979 1601 1140 1635 quantitate
1173 1610 1259 1636 quam
1292 1601 1437 1635 quantitas
1469 1611 1485 1628 a
1517 1601 1687 1628 substantia.
1720 1602 1779 1627 Sed

309 1648 456 1682 quantitas
471 1652 569 1683 potest
589 1657 653 1674 esse
670 1648 731 1674 sine
748 1650 768 1663 ¹⁰
787 1649 957 1675 substantia.
978 1650 1054 1684 Ergo
1075 1654 1103 1676 et
1124 1654 1230 1676 cetera.

400 1697 576 1731 Respondeo
603 1697 758 1723 dicendum
786 1697 863 1732 quod
890 1698 959 1724 licet
985 1698 1131 1733 quantitas
1157 1699 1250 1734 possit
1276 1708 1341 1725 esse
1366 1699 1472 1725 virtute
1499 1699 1596 1726 divina
1625 1700 1688 1726 sine
1713 1700 1780 1726 sub-

309 1745 424 1778 stantia,
444 1754 501 1771 non
528 1749 625 1771 tamen
648 1746 764 1772 videtur
793 1746 871 1781 quod
900 1747 939 1772 ita
968 1748 1060 1781 possit
1090 1756 1155 1773 esse
1176 1748 1281 1774 albedo
1310 1748 1357 1774 vel
1383 1748 1540 1775 consimilis
1567 1748 1692 1783 qualitas
1717 1749 1779 1774 sine

311 1794 482 1828 quantitate.
516 1795 610 1820 Primo
643 1795 709 1829 quia
749 1795 904 1830 quantitas,
937 1805 1000 1821 cum
1019 1798 1036 1811 ¹¹
1075 1796 1269 1823 immediatius
1301 1801 1439 1831 sequatur
1469 1798 1661 1823 substantiam
1694 1806 1779 1832 quam

309 1843 433 1878 qualitas
465 1843 511 1869 vel
541 1843 619 1869 aliud
652 1843 790 1870 accidens
805 1845 832 1876 ¹2¹,
865 1845 958 1879 magis
990 1849 1087 1879 potest
1118 1845 1294 1880 participare
1326 1846 1443 1872 modum
1476 1847 1656 1873 substantiae
1693 1855 1778 1881 quam

310 1892 444 1926 qualitas,
465 1892 542 1926 quod
564 1896 608 1918 est
628 1901 693 1918 esse
715 1893 776 1918 sine
797 1893 938 1919 subiecto.
965 1910 997 1912 —
1018 1894 1154 1920 Secundo
1175 1895 1241 1929 quia
1263 1895 1408 1929 quantitas
1436 1895 1490 1921 sibi
1520 1896 1627 1921 nullan]
1656 1895 1778 1921 formam

309 1940 489 1965 materialem
529 1940 712 1972 determinat,
751 1940 802 1966 secl
835 1940 1057 1967 indeterminate
1090 1942 1209 1977 respicit
1245 1952 1359 1968 omnem
1377 1944 1395 1958 ¹³
1433 1943 1555 1969 torinan]
1589 1943 1777 1969 materialem.

309 1988 443 2022 Qualitas
464 1993 559 2014 autem
582 1989 756 2015 determinat
778 1991 780 2022 Ι
803 1990 857 2015 sibi
878 1990 1174 2024 quantitatem.Unde
1194 1992 1288 2026 magis
1308 1992 1422 2018 videtur
1437 1992 1590 2026 qualitas¹¹
1611 1992 1778 2027 dependere

312 2046 327 2062 a
358 2037 519 2071 quantitate
550 2047 635 2072 quam
666 2038 812 2072 quantitas
842 2047 856 2064 a
886 2039 1056 2065 substantia.
1086 2040 1158 2065 Puta
1179 2040 1284 2066 albedo
1313 2050 1369 2066 non
1400 2045 1495 2075 potest
1517 2041 1637 2066 inveniri
1666 2041 1721 2067 nisi
1750 2041 1778 2066 in

309 2086 483 2120 superficie:
514 2087 661 2121 quantitas
691 2091 786 2113 autern
817 2087 844 2112 in
873 2088 950 2113 omni
980 2089 1141 2114 substantia
1169 2089 1318 2115 materiali.
1348 2105 1379 2107 ᾉ
1409 2090 1507 2115 Tertio
1538 2090 1603 2124 quia
1632 2090 1778 2124 quantitas

309 2134 508 2161 individuatur
532 2144 584 2169 per
599 2144 629 2161 se
651 2140 678 2161 et
700 2135 908 2162 determinatur
929 2136 964 2162 ad
985 2137 1030 2162 hic
1051 2141 1079 2162 et
1100 2146 1183 2169 nunc,
1204 2146 1261 2163 non
1282 2138 1322 2163 sic
1341 2139 1360 2153 ¹⁵
1380 2138 1512 2173 qualitaS‚
1526 2143 1554 2164 et
1568 2138 1633 2164 ideo
1655 2139 1779 2173 qualitas

308 2192 364 2209 non
388 2187 486 2218 potest
511 2184 618 2209 habere
640 2193 706 2210 esse
732 2184 910 2210 individuum
941 2186 1002 2211 sine
1029 2186 1190 2220 quantitate
1216 2187 1291 2212 sicut
1307 2188 1326 2202 ¹¹¹
1352 2187 1497 2221 quantitas
1525 2187 1586 2213 sine
1607 2188 1778 2214 substantia.

309 2247 341 2250 —
363 2232 475 2266 Quarto
497 2232 564 2267 quia
586 2233 710 2267 qualitas
731 2242 788 2259 non
809 2237 853 2259 est
872 2234 1018 2259 sensibilis
1047 2235 1108 2260 sine
1129 2235 1298 2269 quantitate,
1327 2240 1397 2270 puta
1427 2236 1531 2262 albedo
1558 2245 1615 2262 non
1641 2241 1685 2262 est
1710 2237 1778 2271 quid

310 2281 446 2306 sensibile
468 2281 529 2307 sine
555 2282 710 2316 superficie
737 2282 783 2308 vel
809 2282 965 2317 perspicuo
986 2284 1140 2309 terminato
1167 2284 1241 2310 sicut
1268 2293 1321 2310 nec
1348 2285 1395 2310 lux
1425 2285 1485 2310 sine
1507 2285 1661 2319 diaplianO.
1689 2286 1723 2311 Et
1744 2295 1777 2311 ex

309 2331 363 2356 hoc
385 2334 554 2364 sequeretur
571 2331 589 2345 ¹⁷
609 2331 687 2365 quod
702 2331 807 2356 albedo
828 2336 906 2357 esset
926 2332 1070 2366 quaedam
1085 2333 1246 2358 substantia
1267 2333 1464 2360 immaterialis
1485 2339 1513 2360 et
1528 2343 1579 2368 per
1594 2343 1778 2370 consequens

399 2465 474 2490 ¹om.
489 2464 520 2491 C.
542 2481 573 2483 —
595 2465 604 2480 ²
618 2465 655 2491 sit
675 2465 742 2491 add.
764 2465 795 2491 C.
816 2481 848 2484 —-
869 2466 879 2481 ³
893 2470 1025 2492 teneatur
1040 2466 1072 2492 C.
1093 2482 1125 2485 —-
1146 2468 1154 2482 ⁴
1169 2467 1307 2501 loquendi
1322 2469 1414 2501 usum]
1436 2477 1518 2494 usum
1539 2469 1677 2503 loquendi
1699 2469 1730 2495 C.
1745 2486 1777 2488 —

310 2508 319 2522 5
331 2508 431 2534 habuit
452 2509 483 2534 t).
504 2525 535 2527 —
557 2509 566 2523 Β
580 2513 608 2534 et
624 2510 655 2535 C.
676 2525 708 2527 —
732 2511 739 2524 Τ
753 2509 922 2543 simpliciter
942 2510 1009 2535 add.
1025 2510 1057 2536 C.
1072 2526 1103 2528 —
1120 2511 1129 2525 ³
1143 2519 1223 2536 usum
1245 2511 1276 2537 C.
1298 2527 1330 2530 ——
1351 2512 1361 2527 ⁹
1374 2512 1460 2538 etiam
1476 2513 1543 2538 add.
1558 2513 1590 2538 C.
1605 2529 1637 2531 —
1660 2515 1680 2528 ¹¹¹
1693 2514 1736 2539 bis
1749 2514 1777 2539 S.

309 2567 341 2570 —
364 2553 382 2566 ¹¹
397 2552 544 2586 quantitas
564 2554 638 2585 cum]
660 2562 724 2578 cum
745 2553 892 2587 quantitas
913 2553 944 2579 C.
966 2569 998 2571 —
1020 2554 1040 2568 ¹²
1053 2562 1124 2588 ergo
1145 2555 1211 2580 aclrl.
1233 2555 1264 2581 C.
1286 2571 1318 2574 -
1340 2556 1360 2570 ¹³
1380 2564 1464 2581 unam
1486 2557 1552 2582 add.
1573 2559 1600 2582 el
1619 2557 1671 2582 del.
1693 2557 1724 2583 C.
1746 2573 1778 2575 —

311 2597 330 2610 ¹¹
353 2596 447 2630 magis
470 2611 502 2614 —
527 2596 662 2630 qualitas]
686 2597 810 2631 qualitas
834 2597 927 2631 magis
950 2597 1064 2623 videtur
1085 2598 1116 2623 C.
1138 2614 1169 2616 —
1196 2600 1215 2613 '⁵
1238 2603 1333 2625 autem
1360 2600 1427 2625 add.
1449 2600 1480 2626 C.
1506 2616 1536 2618 —
1563 2602 1582 2615 ¹¹¹
1604 2600 1666 2626 sive
1690 2600 1721 2627 C.
1746 2617 1778 2619 —

311 2639 331 2653 ¹⁷
344 2639 475 2673 sequitur
495 2640 526 2665 C.

398 2747 436 2778 (1)
457 2744 515 2771 Cfr.
536 2754 583 2779 pp.
604 2747 728 2772 299—300.
1638 2752 1673 2777 46

1836 1965 1901 1991 cod.
1916 1966 1935 1991 S

1812 2001 1861 2027 fol.
1875 2003 1909 2027 54
1924 2002 1962 2026 Rb
