2493 3458
679 418 711 442 ⁴8
1043 417 1229 443 MAGlSTRl
1260 417 1477 444 (jODEFRlDI
1508 418 1558 444 DE
1586 419 1782 446 FONTIBUS

679 505 821 537 omnino
846 506 1033 547 perfectam
1058 506 1302 537 beatitudinem
1322 507 1395 538 sive
1412 507 1455 538 ad
1481 508 1717 549 operationem
1737 509 1969 548 beatitudinis
1988 510 2119 553 indiget
2139 510 2144 527 ¹

678 574 825 605 corpore
857 564 911 595 cui
945 564 1081 595 uniatur
1113 570 1146 595 et
1178 564 1270 605 quod
1305 564 1468 605 perficiat,
1499 576 1540 596 eo
1570 567 1663 606 quod
1693 577 1762 598 non
1793 566 1964 608 quietatur
1992 568 2144 609 perfecte

678 620 851 662 appetitus
870 621 1004 653 animae
1022 628 1115 653 extra
1138 632 1275 663 corpus,
1294 622 1386 662 quod
1414 628 1527 653 tamen
1554 623 1596 654 ad
1622 623 1763 655 omnino
1790 624 1976 665 perfectam
2003 625 2144 656 beatitu-

678 678 792 710 dinem
811 679 999 720 requiritur.
1015 679 1100 710 Nam
1122 686 1155 710 ut
1173 679 1303 717 dicunt,
1318 679 1395 711 licet
1413 679 1620 711 desiderium
1639 681 1774 713 animae
1792 688 1971 723 separatae
1989 682 2145 723 quiescat

677 736 824 768 totaliter
855 748 895 768 ex
928 742 1023 778 parte
1055 736 1251 778 appetibilis
1283 748 1325 768 eo
1357 737 1451 778 quod
1484 737 1565 768 nihil
1595 738 1685 769 aliud
1714 739 1898 777 desideret,
1928 750 1997 771 non
2028 746 2142 772 tamen

676 794 823 826 totaliter
840 794 986 835 quiescit
1003 806 1043 826 cx
1062 800 1156 836 parte
1175 794 1282 836 ipsius
1300 794 1506 836 appetentis,
1524 796 1602 836 quia
1628 795 1709 827 illud
1735 797 1864 828 bonum
1891 808 1960 828 non
1988 797 2144 838 possidet

676 852 868 884 secundum
905 863 1041 883 omnem
1079 852 1218 883 modum
1255 852 1447 883 secundum
1484 863 1585 893 quem
1624 853 1803 894 possidere
1841 854 1950 886 vellet.
1989 855 2029 886 Et
2066 855 2144 887 ideo

676 916 853 951 resumpto
871 921 1018 951 corpore
1035 910 1214 942 beatitudo
1231 909 1354 941 crescit
1376 920 1446 941 non
1473 910 1584 941 solum
1610 910 1790 949 intensive,
1817 912 1878 942 sed
1903 911 2003 943 etiarn
2030 918 2145 944 exten-

675 967 757 1007 sive,
783 967 861 999 licet
886 967 919 998 in
945 967 1037 999 libris
1062 967 1290 999 communiter
1315 978 1385 998 non
1410 967 1608 1009 reperiatur,
1634 978 1705 1000 no]
1730 969 1842 1000 solum
1870 975 2010 1011 propter
2027 969 2143 1001 vitium

674 1025 878 1067 scriptorum
900 1032 958 1057 aut
984 1031 1123 1067 propter
1148 1024 1358 1056 oblivionem
1386 1025 1532 1066 aliquam
1559 1025 1740 1057 scribentis
1767 1026 1975 1068 principalis.
1995 1046 2034 1050 —
2053 1027 2145 1068 Quia

675 1094 758 1125 ergo
784 1083 897 1114 anima
923 1082 1049 1115 Christi
1075 1082 1221 1114 univoce
1248 1082 1309 1113 fuit
1333 1082 1447 1113 anima
1473 1093 1550 1114 cum
1577 1082 1649 1114 aliis·
1675 1083 1856 1115 animabus
1882 1087 1936 1123 (ex
1961 1095 2031 1126 quo
2053 1084 2143 1116 enim

675 1141 832 1173 Christus
850 1141 1012 1183 dignatus
1031 1147 1081 1172 est
1099 1151 1234 1171 sumere
1251 1141 1352 1171 talem
1371 1140 1543 1179 animam),
1562 1140 1696 1172 videtur
1711 1141 1805 1182 quod
1824 1141 2043 1174 attribuenda
2065 1149 2145 1174 sunt

674 1199 703 1231 ei
729 1210 769 1230 ea
794 1209 882 1240 quae
908 1205 1170 1239 consequuntur
1195 1197 1302 1239 ipsam
1329 1209 1368 1228 ex
1395 1197 1594 1229 conditione
1620 1209 1703 1229 suae
1729 1205 1881 1230 naturae.
1901 1199 2002 1231 Unde
2021 1199 2145 1231 dicitur

673 1257 767 1298 quod
792 1268 811 1288 a
837 1256 1048 1298 plenitudine
1074 1266 1158 1287 suae
1183 1255 1404 1287 beatitudinis
1421 1255 1431 1271 ²
1449 1255 1510 1287 fuit
1528 1255 1620 1287 dicto
1639 1256 1742 1287 modo
1761 1256 1951 1297 aliqualiter
1968 1257 2143 1299 impedita,

672 1315 700 1346 si
717 1315 785 1346 hoc
804 1314 847 1346 sit
872 1313 1028 1356 praecisa
1053 1324 1159 1345 causa
1183 1324 1289 1354 quare
1315 1313 1347 1344 in
1374 1313 1447 1344 aliis
1473 1313 1654 1344 animabus
1678 1314 1724 1344 sit
1741 1313 1752 1328 ³
1776 1314 1975 1346 huiusmodi
2000 1314 2143 1356 impedi-

673 1378 834 1404 mentum.
860 1373 934 1403 Nec
958 1371 1130 1403 videretur
1155 1371 1407 1403 inconveniens
1436 1370 1551 1402 dicere
1581 1371 1674 1411 quod
1707 1382 1748 1402 ex
1782 1378 1889 1403 morte
1922 1382 1990 1413 qua
2023 1372 2143 1404 mereri

672 1430 846 1462 habebat*
865 1429 1004 1470 aliquod
1022 1429 1262 1460 detrimentum
1286 1429 1352 1460 tale
1370 1428 1459 1470 quod
1484 1439 1523 1459 ex
1550 1428 1758 1460 necessitate
1784 1435 1926 1461 naturae
1952 1440 2144 1472 conseque-

671 1489 780 1526 batur,
798 1487 1023 1529 contingebat
1042 1486 1074 1517 in
1093 1486 1190 1528 ipso:
1211 1486 1330 1517 volens
1348 1486 1438 1517 enim
1462 1485 1638 1528 suscipere
1664 1487 1765 1518 talem
1792 1493 1959 1525 naturam,
1985 1488 2117 1528 absque
2133 1487 2145 1504 ⁶

485 1532 646 1594 folffoffiopR„
671 1545 929 1577 inconvenienti
958 1544 1119 1576 sustinuit
1147 1543 1263 1575 omnia
1292 1554 1381 1584 quae
1410 1550 1566 1575 naturam
1595 1543 1803 1576 necessitate
1835 1555 1920 1576 suae
1949 1551 2092 1577 naturae
2119 1547 2124 1587 Ι

670 1604 983 1644 consequebantur.
1003 1602 1242 1634 Communiter
1263 1608 1377 1633 tamen
1396 1602 1542 1633 liabetur
1559 1612 1621 1643 pro
1639 1601 1896 1634 inconvenienti
1915 1603 2009 1643 quod
2027 1602 2142 1644 aliquo

671 1661 774 1692 modo
800 1660 900 1693 fuerit
925 1671 944 1691 a
969 1670 1032 1691 sua
1057 1659 1270 1691 beatitudine
1296 1659 1469 1700 impedita.

758 1718 828 1750 Sed
853 1718 987 1750 videtur
1022 1717 1253 1759 aliquibus-(l)
1290 1717 1383 1758 quod
1414 1717 1493 1748 illud
1519 1717 1613 1757 quod
1639 1716 1767 1748 dictum
1794 1723 1846 1749 est
1870 1727 1940 1749 non
1966 1717 2009 1749 sit
2033 1727 2140 1750 causa

669 1775 904 1817 impedimenti
937 1774 1170 1817 contingentis
1203 1775 1337 1806 animae
1370 1774 1471 1806 etiam
1504 1774 1738 1815 cuicumque⁶
1766 1780 1948 1816 separatae
1980 1781 2141 1817 respectu

669 1839 766 1865 actus
797 1833 1028 1865 beatitudinis.
1062 1833 1150 1864 Nam
1183 1843 1224 1864 ex
1256 1832 1453 1863 huiusmodi
1487 1831 1642 1873 appetitu
1678 1842 1749 1863 non
1779 1832 1951 1864 videretur
1983 1832 2141 1874 impediri

669 1891 734 1922 nisi
766 1901 827 1933 per
859 1891 999 1922 modum
1033 1890 1212 1922 cuiusdam
1246 1889 1488 1922 abstractionis
1521 1890 1574 1921 vel
1603 1889 1845 1928 distractionis,
1878 1896 1982 1931 prout
2010 1889 2142 1922 scilicet

669 1959 711 1980 ex
746 1949 814 1981 hoc
850 1959 966 1980 amore
1002 1948 1146 1980 naturali
1183 1958 1251 1989 quo
1272 1946 1282 1963 ⁷
1318 1954 1496 1988 appeteret
1529 1947 1694 1989 perficere
1727 1957 1856 1989 corpus
1893 1957 1962 1988 quo
1998 1954 2140 1986 careret,

668 2006 781 2038 minus
809 2006 966 2038 intensus
995 2013 1086 2038 esset
1106 2005 1117 2022 ⁸
1144 2011 1242 2037 actus
1270 2004 1481 2047 cognitionis
1510 2010 1543 2036 et
1571 2004 1696 2037 amoris
1729 2015 1798 2046 quo
1830 2005 1944 2036 unitur
1961 2004 1973 2021 ⁹
2004 2015 2140 2037 summo

669 2075 751 2096 vero
777 2070 809 2096 et
834 2065 927 2096 bono
945 2064 986 2101 ¹⁰3
1016 2069 1117 2105 prout
1141 2063 1242 2095 etiam
1271 2063 1411 2104 aliquod
1440 2073 1568 2104 corpus
1596 2063 1730 2094 habens
1759 2062 1907 2104 aliquam
1936 2066 1940 2101 ί
1969 2062 2140 2095 levitatem

668 2122 801 2154 ratione
840 2121 938 2154 cuius
974 2121 1083 2153 tendit
1118 2132 1264 2155 sursum,
1301 2120 1523 2162 impediretur
1559 2131 1577 2151 a
1613 2120 1796 2152 velocitate
1836 2130 2016 2159 ascensus,
2052 2126 2085 2152 et
2120 2130 2141 2152 a

668 2180 745 2212 nisu
763 2180 786 2197 ¹¹
811 2180 853 2211 ad
878 2181 972 2211 hunc
997 2189 1180 2211 ascensum
1203 2178 1231 2210 si
1257 2178 1384 2219 aliquid
1410 2178 1441 2210 ei
1466 2183 1559 2210 esset
1573 2177 1597 2195 ¹²
1621 2188 1794 2210 annexum
1812 2188 1882 2219 quo
1900 2178 2016 2219 aliquo
2032 2178 2138 2210 modo

667 2237 889 2270 inclinaretur
921 2243 953 2269 et
985 2238 1176 2269 traheretur
1208 2237 1380 2268 deorsum.
1414 2236 1485 2268 Sed
1517 2246 1579 2277 per
1613 2236 1707 2267 hunc
1743 2236 1884 2267 modum
1920 2246 1992 2268 non
2028 2235 2140 2277 potuit

667 2295 825 2337 impediri
846 2306 865 2327 a
881 2295 1096 2337 perfectione
1115 2294 1338 2326 beatitudinis
1363 2293 1477 2325 anima
1502 2293 1629 2325 Christi
1653 2293 1786 2325 scilicet
1809 2304 1872 2335 per
1895 2293 2037 2325 modum
2061 2293 2138 2325 talis

667 2353 909 2392 distractionis,
938 2353 1042 2384 immo
1071 2362 1136 2384 nec
1169 2352 1283 2384 anima
1315 2351 1575 2393 cuiuscumque.
1609 2351 1651 2383 Et
1683 2352 1750 2382 hoc
1783 2356 1819 2383 ut
1851 2351 1987 2383 videtur
2022 2356 2139 2393 potest

512 2046 575 2072 cod.
588 2046 611 2071 V

482 2081 532 2110 fol.
542 2084 593 2108 257
606 2083 645 2108 Rb

758 2510 764 2523 ¹
778 2516 833 2534 om.
848 2508 877 2534 P.
898 2523 931 2527 -—
951 2508 961 2523 ²
980 2507 1157 2534 habitudjnis
1177 2508 1210 2533 V.
1225 2523 1257 2526 ——
1277 2508 1288 2522 ³
1301 2511 1402 2533 contra
1416 2507 1479 2532 PV.
1495 2522 1527 2525 —
1541 2508 1551 2521 ⁸
1570 2506 1698 2532 debebat
1717 2506 1747 2532 P.
1762 2521 1794 2525 -
1810 2507 1820 2521 ⁵
1838 2505 1900 2532 sine
1921 2505 1950 2532 P.
1967 2521 1998 2524 —
2018 2505 2029 2520 ⁶
2042 2505 2138 2531 cuius-

667 2560 792 2586 cumque
810 2552 840 2577 P.
856 2567 888 2571 -
904 2552 913 2566 ⁷
932 2551 1010 2587 quod
1030 2551 1060 2577 P.
1076 2567 1108 2570 —
1122 2552 1133 2566 ‘³
1151 2556 1196 2577 est
1215 2551 1245 2577 P.
1260 2567 1292 2570 —
1312 2551 1323 2566 ⁹
1336 2550 1442 2577 vivitur
1456 2550 1526 2583 PV;
1540 2550 1636 2576 unitur
1654 2550 1756 2584 scrips.
1776 2558 1874 2585 marg.
1890 2549 1920 2576 P.
1941 2564 1974 2568 —-
1990 2549 2011 2564 ¹⁰
2023 2557 2094 2575 vero
2108 2553 2138 2575 et

667 2596 754 2629 bono]
769 2595 846 2622 bono
861 2599 890 2621 et
903 2603 972 2621 vero
986 2595 1016 2621 P.
1031 2611 1064 2614 —
1080 2596 1100 2610 ¹¹
1114 2594 1179 2621 visu
1189 2595 1223 2620 V.
1238 2610 1270 2613 —-—
1288 2594 1309 2610 ¹²
1321 2594 1349 2620 ei
1363 2595 1452 2628 esset]
1467 2597 1546 2620 esset
1559 2593 1586 2620 ei
1600 2593 1630 2619 Ρ.

756 2712 794 2743 (1)
809 2710 842 2736 V.
856 2710 1033 2736 Henricus
1047 2709 1088 2736 de
1102 2709 1289 2740 Gandavo‚
1303 2709 1408 2743 Quodl.
1423 2709 1472 2741 vl,
1486 2717 1512 2743 q.
1526 2710 1551 2741 5,
1565 2713 1584 2734 t.
1599 2708 1620 2741 1,
1634 2717 1662 2743 p.
1676 2708 1727 2734 337
1742 2711 1772 2734 et
1784 2708 1844 2734 338.
