2493 3458
748 403 963 430 SECUNDUM
994 404 1292 438 QUODLIBETUM,
1322 404 1357 439 Q.
1386 405 1412 430 X
1768 408 1815 432 ¹43

346 492 380 523 in
405 492 546 524 humida
571 492 683 524 minus
711 492 931 524 convenienti
957 493 1009 524 vel
1043 493 1181 535 propria
1206 493 1348 525 habebit
1377 504 1454 526 esse
1484 494 1597 525 minus
1631 494 1814 534 intensum,

346 555 422 581 esto
448 550 541 591 quod
567 549 745 581 humidum
771 555 804 581 et
828 550 959 582 siccum
988 562 1059 582 non
1084 551 1253 592 reciperet
1276 551 1388 594 magis
1414 557 1447 583 et
1471 551 1593 583 minus.
1613 552 1814 584 Secundum

345 607 478 648 aliquos
515 607 616 639 etiam
652 607 771 639 raritas
802 613 835 639 et
866 607 1020 639 densitas
1050 608 1219 651 contingit
1251 609 1445 640 secundum
1481 609 1590 652 magis
1627 616 1660 641 et
1690 610 1813 649 minus,

345 664 518 696 mediante
544 664 759 696 multitudine
781 670 813 696 et
837 664 1011 706 paucitate
1036 665 1198 697 materiae
1223 671 1256 697 et
1280 665 1454 698 mediante
1479 667 1668 707 quantitate
1686 667 1814 700 dimen-

345 722 428 761 siva,
458 728 493 753 ut
518 722 658 763 quando
683 727 815 753 tantum
841 723 884 754 de
909 722 1049 754 materia
1075 728 1126 754 est
1151 724 1215 754 sub
1241 723 1344 755 tantis
1369 723 1657 763 dimensionibus,
1682 730 1813 757 tanturn

345 785 397 811 est
432 790 555 817 rarum,
585 780 725 820 quando
754 780 818 811 sub
852 780 1049 817 maioribus,
1083 780 1200 812 rarius.
1238 781 1280 812 Et
1308 781 1358 813 sic
1391 782 1616 822 procedendo
1652 783 1815 814 convenit

344 837 454 879 magis
495 843 527 869 et
567 837 679 868 minus
717 837 749 868 in
790 848 865 868 raro
901 838 1032 879 absque
1068 839 1136 869 hoc
1171 839 1264 879 quod
1300 838 1335 869 in
1371 839 1488 870 formis
1524 840 1814 881 praecedentibus

343 894 514 926 raritatem
551 900 696 936 ponatur
720 894 869 927 intensio
902 895 955 927 vel
981 895 1137 927 remissio
1174 896 1311 937 proprie
1339 896 1450 935 dicta;
1488 903 1521 929 et
1545 897 1626 929 hinc
1659 898 1745 929 forte
1774 909 1814 930 ex

344 951 539 984 intensione
571 957 604 984 et
639 952 869 984 remissione¹
905 953 969 984 rari
1001 958 1034 984 et
1070 953 1169 985 densi
1198 954 1396 985 causabitur
1424 954 1572 986 intensio
1598 961 1631 987 et
1656 956 1812 987 remissio

343 1009 444 1041 calidi
463 1015 495 1041 et
523 1010 637 1052 frigidi
665 1010 699 1041 in
728 1010 906 1042 elementis
935 1016 971 1041 ut
996 1010 1123 1052 aliquid
1148 1011 1342 1043 rarefiendo
1367 1012 1487 1051 caleat,
1517 1012 1632 1044 sicut2
1661 1014 1812 1045 conden-

342 1068 453 1098 sando
490 1067 643 1110 frigescit
658 1067 677 1098 3.
715 1068 765 1099 Ex
797 1067 994 1100 intensione
1027 1074 1141 1100 autem
1177 1074 1211 1101 et
1246 1069 1451 1101 remissione
1488 1070 1551 1101 rari
1588 1078 1620 1102 et
1656 1071 1755 1103 densi
1781 1077 1814 1104 et

343 1124 525 1166 primarum
560 1124 760 1166 qualitatum
793 1125 1050 1157 elementarium
1083 1131 1198 1167 potest
1230 1127 1353 1158 salvari
1393 1127 1543 1159 intensio
1584 1133 1616 1159 et
1656 1129 1812 1161 remissio

343 1182 495 1214 omnium
522 1182 662 1214 aliarum
688 1182 887 1224 qualitatum
914 1184 1155 1225 corporalium.

431 1241 467 1271 In
496 1240 670 1272 habitibus
699 1240 790 1272 enim
819 1241 953 1273 animae
983 1241 1033 1273 sic
1058 1242 1236 1285 contingit.
1274 1243 1362 1274 Nam
1389 1253 1466 1275 cum
1492 1244 1629 1276 habitus
1655 1245 1812 1286 acquisiti

341 1303 552 1340 generantur
583 1309 623 1330 ex
664 1298 797 1330 actibus
837 1298 975 1337 nostris,
1016 1299 1169 1341 ipsorum
1202 1305 1317 1331 autem
1350 1306 1489 1332 actuum
1521 1313 1640 1333 sumus
1681 1303 1811 1334 domini

342 1366 361 1386 a
394 1355 564 1397 principio
596 1366 705 1397 usque
739 1355 799 1387 in'1
831 1357 945 1395 linem,
981 1362 1015 1388 ut
1045 1357 1169 1389 dicitur
1196 1358 1295 1389 tertio
1327 1358 1527 1391 Ethicorum
1547 1362 1602 1400 (1),
1633 1366 1665 1392 et
1690 1371 1811 1393 omnes

341 1413 425 1444 tales
450 1419 548 1445 actus
581 1419 661 1445 sunt
692 1414 873 1445 voluntarii
909 1415 1103 1446 secundum
1136 1416 1229 1456 quod
1266 1416 1376 1459 magis
1405 1422 1438 1448 et
1474 1417 1587 1448 minus
1623 1429 1811 1459 possumus

341 1471 429 1503 velle
454 1477 487 1503 et
504 1471 631 1503 maiore
649 1477 682 1503 et
707 1471 839 1503 minore
865 1478 993 1504 conatu
1019 1473 1098 1504 ferri
1122 1473 1156 1504 in
1175 1473 1314 1515 aliquid,
1341 1474 1451 1517 magis
1479 1480 1512 1506 et
1529 1475 1642 1507 minus
1666 1487 1811 1519 genera-

340 1529 477 1568 buntur,
508 1534 541 1561 et
572 1529 727 1572 generati
757 1531 978 1573 augebuntur
1005 1530 1203 1563 huiusmodi
1238 1531 1375 1563 habitus
1401 1532 1435 1563 in
1466 1532 1578 1572 nobis,
1607 1539 1644 1565 ut
1670 1534 1697 1565 si
1726 1534 1810 1566 tanti

341 1592 438 1618 actus
454 1586 465 1602 ⁵
489 1587 624 1629 possint
652 1587 838 1629 disponere
866 1588 1056 1629 potentiam
1075 1594 1107 1620 et
1132 1599 1346 1632 aggenerare
1371 1589 1405 1621 in
1431 1601 1471 1622 ea
1497 1590 1660 1630 habitum,
1679 1593 1810 1633 perfec-

340 1644 445 1676 tiores
474 1650 507 1676 et
529 1644 639 1687 magis
657 1645 847 1677 continuati
873 1647 1148 1689 augmentabunt
1173 1652 1206 1679 et
1230 1647 1409 1689 perficient
1433 1648 1631 1681 huiusmodi
1656 1649 1811 1682 habitum

341 1707 601 1745 aggeneratum.
628 1703 669 1734 Et
704 1703 754 1735 sic
786 1703 956 1746 contingit
987 1704 1186 1736 huiusmodi
1217 1710 1441 1748 augmentum
1477 1707 1610 1748 absque
1643 1718 1812 1749 processu

340 1760 374 1792 in
406 1759 585 1799 infinitum,
612 1760 691 1802 quia
716 1760 929 1793 intenditur‘3
960 1761 1156 1794 intensione
1187 1768 1220 1795 et
1248 1763 1509 1796 continuatione
1538 1770 1687 1805 actuum,
1714 1770 1811 1798 actus

341 1823 455 1850 autem
484 1817 709 1850 intenduntur
726 1824 759 1850 et
783 1819 1029 1851 continuantur
1053 1830 1114 1862 per
1131 1820 1311 1862 imperium
1337 1821 1523 1853 voluntatis
1548 1823 1602 1854 vel
1627 1823 1809 1865 appetitus

429 1876 465 1907 In
482 1875 493 1892 ⁷
516 1876 638 1908 infusis
657 1882 769 1908 autem
788 1878 855 1908 hoc
880 1877 981 1909 etiam
1007 1878 1170 1910 convenit
1195 1889 1259 1911 suo
1285 1880 1400 1918 modo,
1427 1879 1558 1912 scilicet
1583 1881 1676 1922 quod
1702 1881 1811 1925 magis

341 1934 441 1965 datur
469 1933 579 1977 gratia
600 1934 654 1966 vel
685 1934 808 1966 caritas
842 1935 1035 1967 secundum
1066 1936 1231 1967 maiorem
1263 1936 1527 1978 dispositionem
1564 1938 1607 1969 de
1641 1949 1810 1982 congruo,

339 1998 372 2023 et
397 1992 591 2023 secundum
615 2003 670 2023 nia
694 1994 697 2033 Ι
720 1992 825 2024 iorem
852 1998 1015 2024 conatum
1035 1994 1220 2025 voluntatis
1247 2000 1279 2026 et
1303 1994 1510 2026 huiusmodi.
1531 1996 1592 2027 Vel
1618 1997 1811 2028 secundum

340 2049 498 2081 virtutem
528 2049 662 2092 agentis
688 2049 789 2081 etiam
815 2050 914 2082 datur
943 2051 1051 2082 maior
1075 2051 1188 2083 minus
1214 2052 1267 2083 vel
1286 2052 1476 2093 aequaliter
1504 2053 1684 2095 disposito,
1710 2060 1811 2096 prout

341 2106 442 2138 etiam
461 2107 609 2138 calidum
635 2107 808 2139 intensum
835 2109 888 2140 vel
913 2108 1064 2140 infinitae
1092 2109 1234 2148 virtutis,
1260 2109 1288 2141 si
1313 2116 1431 2153 ageret
1453 2121 1514 2152 per
1535 2111 1676 2143 liberam
1694 2113 1811 2144 volun—

340 2170 453 2203 tatem,
471 2170 592 2206 posset
617 2165 791 2197 materiam
820 2166 932 2197 minus
959 2166 1162 2208 dispositam
1180 2167 1291 2210 magis
1316 2168 1482 2200 reducere
1506 2168 1540 2200 in
1566 2175 1679 2201 actum
1697 2170 1811 2202 calidi-

340 2222 418 2254 tatis
443 2228 476 2254 et
504 2227 628 2261 cetera⁷
658 2233 729 2254 non
757 2229 872 2255 tamen
899 2224 981 2265 quin
1013 2224 1164 2256 efficeret
1189 2225 1290 2257 etiam
1325 2225 1572 2267 dispositiones
1606 2228 1649 2258 ad
1674 2228 1751 2266 hoc,
1784 2228 1812 2259 si

341 2291 411 2311 non
436 2281 695 2322 praecederent,
721 2280 871 2322 alioquin
898 2281 1096 2313 huiusmodi
1122 2282 1223 2314 calidi
1256 2284 1259 2323 Ι
1292 2288 1344 2314 tas
1369 2294 1440 2315 non
1466 2290 1619 2316 maneret
1644 2291 1679 2316 ut
1708 2291 1810 2327 patet.

341 2338 492 2370 Caritate
528 2344 642 2370 autem
679 2338 795 2370 habita
832 2340 1024 2371 secundum
1060 2340 1153 2381 quod
1189 2351 1250 2383 per
1284 2342 1409 2373 acz‘zaesE
1441 2342 1665 2384 perfectiores
1701 2343 1811 2387 magis

432 2494 438 2508 ¹
453 2497 481 2519 et
502 2493 682 2528 remissione]
704 2503 758 2520 om.
779 2494 809 2520 P.
831 2510 862 2513 ἡ
878 2494 887 2509 ’-’
901 2494 942 2520 sic
964 2495 993 2520 P.
1009 2511 1040 2513 —
1055 2495 1065 2510 ⁸
1079 2494 1218 2530 frigescat
1238 2496 1269 2522 P.
1287 2512 1316 2514 —
1333 2497 1341 2511 ⁴
1356 2496 1393 2522 ad
1413 2497 1442 2523 P.
1458 2513 1490 2516 —
1505 2498 1514 2512 ³
1529 2497 1585 2524 acti
1599 2498 1629 2524 P.
1645 2514 1676 2517 --
1691 2499 1701 2512 ⁴³
1714 2503 1812 2525 exten-

342 2536 418 2563 ditur
437 2537 468 2563 P.
489 2553 521 2556 —
544 2538 552 2553 ⁷
566 2546 620 2564 om.
641 2538 671 2564 P.
692 2554 724 2556 —
745 2538 755 2553 ‘³
769 2537 905 2564 accidens
920 2539 983 2564 PV.

1588 2663 1600 2670 ν

431 2657 469 2689 (l)
491 2655 523 2682 C.
544 2657 559 2682 7
581 2663 617 2691 (p.
640 2658 725 2691 1113).
745 2657 799 2694 Ἐφ’
820 2660 880 2692 ἡμῖν
899 2660 926 2685 δὲ
945 2661 988 2685 καὶ
1007 2660 1022 2691 τ’,
1043 2659 1131 2693 ἀρετή,
1152 2659 1252 2692 ὁμοίως
1273 2660 1299 2685 δὲ
1319 2662 1361 2686 καὶ
1382 2661 1396 2693 ἡ
1418 2661 1506 2688 nuniz.
1529 2661 1554 2688 ἐν
1574 2673 1611 2692 01:
1629 2664 1679 2699 γὰρ
1700 2663 1738 2698 ἐφ’
1752 2664 1812 2697 ἡμῖν

341 2698 371 2725 τὸ
391 2698 522 2734 πράττειν,
543 2700 586 2725 καὶ
603 2699 632 2725 τὸ
651 2699 687 2733 μὴ
707 2699 839 2736 πράττειν,
858 2701 901 2726 καὶ
920 2700 945 2726 ἑν
963 2702 1000 2730 οἷς
1018 2702 1047 2727 τὸ
1068 2701 1113 2735 μή,
1136 2702 1179 2727 καὶ
1199 2701 1228 2727 τὸ
1248 2702 1296 2729 ναί.

1867 1993 1930 2020 cod.
1946 1995 1968 2020 P

1838 2030 1887 2056 fol.
1901 2032 1950 2056 149
1962 2030 2002 2055 Rb

1867 2287 1931 2313 cod.
1947 2287 1972 2312 V

1840 2322 1952 2349 101270
1965 2323 2005 2349 Ra
