2493 3458
485 1182 550 1207 coti.
565 1183 585 1207 S

464 1217 511 1244 sol.
527 1219 560 1244 48
576 1219 614 1244 Yss

640 411 692 434 328
997 407 1186 434 MAGlSTRl
1225 408 1442 434 GODEFRIDI
1474 407 1524 434 DE
1554 407 1750 434 FONTlBUS

1201 587 1467 622 QLtAsss’rio
1508 588 1555 614 iv

1298 668 1459 691 ‹BREvlsu.

700 766 712 792 l
720 766 816 796 Yrum,
836 766 862 791 si
882 765 963 791 Deus
978 767 1076 800 posset
1090 763 1196 798 facere
1215 764 1357 798 angelum
1375 763 1586 798 [ηἠΙὶτΙίονεηι
1607 763 1734 798 quolibet
1752 763 1823 788 datu
1843 763 1873 788 in
1894 763 2056 798 infinitum,

641 817 789 849 oporteret
813 813 969 848 quemlibet
992 822 1096 839 eornm
1120 813 1273 848 pertinere
1295 813 1335 838 ad
1359 813 1493 847 aliquam
1521 812 1723 838 hierarchiam
1751 820 1831 837 nunc
1855 812 2044 838 existentium
2067 814 2115 844 (l).

731 948 837 973 Postea
868 947 1064 982 quaerebatur
1094 946 1172 973 circa
1199 951 1329 972 naturam
1362 945 1526 977 angelicam
1559 953 1655 974 unumy
1686 949 1781 971 utrum
1807 945 1921 971 scilicet
1954 944 1977 970 si
1995 946 2002 960 ¹
2035 945 2116 971 Deus

642 1001 743 1032 posset
772 996 870 1022 facere
899 996 1035 1029 angelum
1063 994 1270 1030 perfectiorem
1290 994 1420 1029 quolibet
1451 994 1519 1020 dato
1546 993 1572 1019 in
1600 993 1751 1026 infinitum,
1779 998 1930 1028 oporteret
1956 993 2116 1028 quemlibet

642 1054 741 1071 eorum
763 1045 908 1080 pertinere
929 1044 965 1071 ad
986 1045 1111 1079 aliquam
1133 1043 1323 1070 hierarchiam
1344 1051 1419 1069 nunc
1442 1042 1636 1069 existentium.
1658 1042 1692 1068 Et
1713 1041 1843 1076 arguitur
1863 1041 1941 1076 quod
1961 1050 2028 1074 non,
2048 1041 2116 1077 quia

642 1094 670 1120 in
700 1094 749 1120 illo
779 1093 856 1128 quod
886 1093 974 1120 certis
999 1093 1138 1119 limitibus
1164 1092 1309 1119 clauditur
1335 1100 1392 1117 non
1420 1095 1517 1126 potest
1544 1100 1610 1117 esse
1637 1099 1793 1126 processus
1823 1091 1849 1116 in
1879 1090 2031 1116 infinitum.
2057 1090 2117 1117 Sed

644 1143 792 1177 quaelihet
821 1142 982 1169 hierarchia
1009 1142 1096 1168 certis
1128 1141 1267 1168 limitibus
1293 1140 1445 1167 clauditur.
1474 1140 1550 1174 Ergo
1577 1139 1600 1165 si
1629 1139 1802 1175 possibilis-²
1830 1144 1874 1166 est
1903 1148 2060 1174 processus
2090 1139 2117 1166 in

644 1191 786 1217 infinitum
807 1191 834 1217 in
856 1191 977 1226 angelis,
997 1200 1055 1218 non
1075 1195 1197 1225 possunt
1217 1198 1319 1215 omnes
1339 1189 1435 1221 angeli
1465 1188 1621 1224 possibiles
1648 1192 1651 1219 1
1677 1188 1739 1214 fieri
1763 1188 1907 1223 pertinere
1934 1188 1971 1214 ad
1991 1188 2117 1223 aliquam

650 1240 841 1267 hierarchiam
862 1249 937 1266 nunc
957 1239 1149 1266 existentium.
2055 1264 2064 1272 ·

733 1290 850 1316 Contra.
880 1289 910 1315 Si
936 1293 1014 1315 essct
1044 1287 1192 1323 possibilis
1221 1295 1377 1322 processus
1406 1286 1433 1312 in
1463 1285 1604 1312 infinitum
1632 1285 1659 1311 in
1687 1285 1854 1311 viventibus
1885 1285 2086 1311 materialibus
2099 1285 2118 1316 ⁸,

643 1343 791 1374 oporteret
817 1343 914 1364 tamen
940 1337 1037 1363 omnia
1058 1335 1185 1362 viventia
1207 1335 1358 1371 possibilia
1384 1335 1445 1361 fieri
1473 1334 1618 1368 pertinere
1645 1334 1681 1360 ad
1707 1334 1834 1369 aliquem
1855 1334 1940 1360 trium
1964 1334 2117 1360 modorum

645 1387 839 1415 communium
870 1387 956 1417 vitae,
988 1386 1099 1412 scilicet
1129 1385 1166 1411 ad
1202 1384 1401 1417 vegetativum
1432 1384 1476 1409 vel
1510 1383 1681 1409 sensitivam
1710 1383 1757 1409 vel
1789 1383 1929 1409 motivum
1957 1382 2117 1409 secundum

645 1438 749 1464 locum.
771 1437 848 1469 Ergo
869 1444 884 1461 a
905 1435 989 1461 simili
1017 1435 1113 1469 posito
1140 1442 1280 1468 processu
1307 1433 1335 1459 in
1363 1432 1503 1458 infinitum
1531 1433 1557 1458 in
1584 1432 1697 1465 angelis
1720 1440 1823 1458 omnes
1843 1427 1939 1466 angeli
1959 1431 2118 1467 possibiles

646 1486 707 1512 lieri
728 1485 873 1521 pertinent
894 1484 930 1510 ad
951 1484 1078 1519 aliquam
1099 1483 1325 1509 hierarchiarum
1341 1484 1349 1497 ⁰
1370 1490 1444 1508 nunc
1466 1481 1660 1507 existentium.

735 1533 912 1569 Respomleo
942 1532 1097 1559 (litt-udum
1127 1531 1206 1566 quod
1235 1539 1393 1566 processus
1423 1531 1450 1556 in
1480 1529 1621 1556 infinitum
1651 1529 1679 1555 in
1709 1530 1846 1563 angelis*
1870 1534 1968 1564 potest
1997 1529 2118 1564 intelligi

646 1583 810 1619 dupliciter.
830 1591 888 1608 uno
909 1582 996 1608 modo
1019 1586 1157 1615 quantum
1185 1580 1221 1606 ad
1244 1580 1379 1614 gratuita,
1393 1584 1422 1605 et
1441 1579 1464 1605 si
1489 1583 1646 1613 poneretur
1665 1579 1706 1604 sic
1721 1579 1732 1593 ⁶
1751 1586 1908 1614 processus
1928 1578 1956 1604 in
1976 1578 2118 1604 infinitum

647 1633 673 1659 in
695 1632 816 1666 angelis,
842 1631 935 1657 adhuc
959 1634 1110 1657 manerent
1126 1630 1133 1644 ⁷
1154 1629 1226 1655 infra
1253 1629 1371 1655 ordines
1393 1633 1422 1654 et
1443 1627 1621 1654 hierarchias
1644 1636 1719 1654 nunc
1747 1628 1915 1658 existentes,
1938 1627 2013 1653 sicut
2038 1631 2120 1662 patet

647 1682 684 1708 (le
716 1681 882 1708 hominihus
914 1680 960 1714 qui
995 1683 1133 1714 quantum
1166 1678 1202 1704 ad
1235 1678 1360 1712 gratuita
1395 1677 1604 1703 assumuntur⁸
1635 1676 1673 1702 ad
1706 1675 1915 1711 aequalitatem
1948 1675 2119 1709 angelorum

648 1731 856 1764 cuiuscumque
886 1728 1067 1755 hierarchiae
1093 1727 1139 1753 vel
1169 1726 1279 1753 ordinis
1308 1727 1362 1752 ct⁹
1390 1730 1486 1752 tamen
1513 1730 1630 1751 manent
1659 1725 1733 1751 intra
1750 1726 1770 1740 ¹⁰
1797 1725 1926 1759 speciem
1955 1725 2119 1750 humanam.

646 1779 714 1805 Alio
743 1778 832 1805 inodo
858 1782 956 1813 potest
985 1776 1107 1811 intelligi
1135 1784 1291 1811 processus
1316 1775 1343 1801 in
1373 1774 1515 1801 infinitum
1542 1774 1569 1800 in
1596 1774 1709 1809 angelis
1725 1775 1753 1806 ¹¹,
1779 1773 1892 1800 scilicet
1918 1777 2056 1808 quantum
2083 1772 2120 1799 ad

645 1827 797 1858 naturalia,
817 1831 845 1853 et
872 1835 936 1853 cum
963 1825 1013 1852 tati
1045 1833 1186 1860 processu
1207 1824 1234 1850 in
1255 1824 1397 1850 infinitum
1418 1822 1600 1858 impossibile
1625 1827 1671 1848 est
1693 1827 1770 1848 stare
1793 1822 1872 1857 quod
1898 1831 1999 1848 omnes
2023 1821 2119 1857 angeli

647 1876 805 1912 possibiles
832 1875 893 1902 fieri
914 1874 1079 1910 pertineant
1105 1873 1141 1899 ad
1162 1873 1340 1899 hierarchias
1360 1876 1388 1898 et
1409 1872 1526 1898 ordines
1546 1880 1621 1898 nunc
1642 1871 1810 1897 existentes.
1838 1871 1929 1897 Immo
1953 1870 2120 1897 necessario

648 1929 819 1960 sequeretur
840 1932 996 1959 processus
1017 1923 1044 1949 in
1065 1922 1215 1949 ordinibus
1228 1927 1257 1948 et
1272 1920 1441 1947 hierarchiis
1456 1921 1483 1946 in
1498 1920 1639 1946 infinitum
1658 1920 1678 1935 ¹³
1697 1920 1760 1946 sive
1780 1923 1906 1955 ponatur
1919 1927 2120 1954 quoscumque

647 1974 721 2000 duos
741 1974 862 2008 angelos
879 1974 898 1988 ¹³
917 1981 974 1999 non
1001 1972 1094 1998 solum
1121 1971 1238 1997 differre
1258 1970 1358 2005 specie
1383 1969 1436 1996 sed
1459 1969 1546 1995 etiam
1567 1977 1675 2003 genere
1695 1969 1860 2004 propinquo
1883 1968 1945 1994 sive
1965 1976 2032 2000 non,
2053 1968 2120 2002 quia

647 2032 712 2050 cum
742 2022 815 2049 ordo
844 2021 990 2057 generalis
1019 2020 1146 2047 omnium
1163 2021 1182 2035 ¹⁴
1212 2019 1329 2050 entium,
1359 2023 1389 2044 ut
1415 2026 1502 2052 supra
1531 2017 1640 2044 dictum
1666 2022 1719 2047 est,
1745 2017 1873 2052 requirat
1897 2025 2066 2052 supremum
2092 2021 2121 2043 et

646 2072 786 2103 infimum,
815 2071 906 2097 multo
935 2070 1001 2105 plus
1029 2077 1103 2095 unus
1131 2069 1204 2095 ordo
1234 2068 1404 2103 angelorum
1434 2067 1525 2101 exigit
1551 2066 1629 2101 quod
1659 2066 1687 2092 in
1713 2066 1762 2092 illo
1787 2065 1890 2092 ordine
1918 2065 1955 2092 sit
1984 2065 2024 2091 ita
2050 2065 2120 2091 dare

647 2120 776 2147 infimum
807 2119 879 2146 citra
909 2127 995 2154 quem
1023 2127 1081 2144 non
1111 2117 1204 2152 possit
1231 2117 1293 2143 dari
1319 2116 1441 2151 angelus
1466 2116 1615 2152 pertinens
1640 2115 1678 2142 ad
1709 2115 1788 2141 illum
1817 2114 1949 2141 ordinem
1974 2119 2004 2140 et
2030 2113 2121 2140 multo

645 2170 711 2204 plus
731 2169 819 2195 etiarn
845 2172 981 2203 oporteat
1007 2167 1076 2193 dare
1103 2174 1269 2201 supremum
1290 2166 1365 2192 ultra
1391 2174 1476 2200 quem
1504 2165 1600 2191 nullus
1625 2164 1785 2199 pertineret
1811 2163 1848 2189 ad
1874 2163 1953 2189 illum
1980 2162 2122 2189 ordinem.

647 2218 709 2244 Nisi
730 2218 807 2244 enim
827 2217 911 2244 detur
930 2217 972 2243 sic
992 2223 1159 2251 supremum
1179 2219 1209 2241 et
1228 2214 1367 2246 intimum,
1385 2222 1444 2240 non
1464 2213 1519 2240 erit
1538 2213 1611 2240 ordo
1631 2212 1806 2239 essentialis.
1832 2211 1893 2238 Sed
1911 2211 1940 2238 in
1965 2211 2086 2238 infinitis
2101 2211 2122 2226 ¹⁸

736 2352 744 2366 ¹
758 2354 854 2376 utrum
874 2365 906 2369 —
927 2349 961 2383 si]
982 2348 1096 2375 scilicet
1114 2352 1210 2374 utrum
1231 2347 1262 2375 C.
1291 2363 1325 2367 —
1357 2347 1368 2362 ²
1389 2351 1487 2382 potest
1507 2346 1540 2373 C.
1560 2362 1593 2366 -
1613 2347 1624 2361 ³
1645 2353 1803 2381 processus
1817 2361 1850 2364 —
1863 2344 2072 2378 materialibus]
2092 2343 2122 2370 in

647 2394 791 2421 infinitum
811 2393 840 2420 in
854 2392 1020 2420 viventibus
1040 2391 1240 2418 materialibus
1260 2399 1418 2427 processus
1438 2390 1470 2417 C.
1490 2406 1524 2410 —
1544 2391 1553 2406 ⁴
1567 2389 1760 2416 hierarchiam
1780 2389 1812 2416 C.
1832 2404 1866 2408 —-
1886 2388 1938 2414 ’in
1952 2404 1984 2408 —
1999 2387 2121 2423 angelis]

646 2439 676 2465 in
705 2437 818 2473 angelis
846 2437 876 2464 in
904 2436 1047 2463 infinitum
1067 2435 1100 2463 C.
1129 2451 1162 2455 —
1191 2436 1202 2451 ⁶
1224 2439 1382 2470 poneretur
1409 2434 1462 2468 sic]
1491 2433 1534 2460 sic
1562 2437 1721 2469 poneretur
1740 2432 1773 2460 C.
1793 2448 1826 2452 —
1848 2433 1857 2447 ⁷
1875 2435 2008 2458 maneret
2026 2431 2059 2458 C.
2087 2446 2121 2450 —

648 2483 659 2498 Β
673 2485 858 2509 assumantur
877 2481 909 2508 C.
929 2496 963 2500 —-
983 2481 994 2496 ⁹
1007 2489 1062 2506 om.
1083 2479 1116 2506 C.
1136 2494 1170 2498 —-
1192 2479 1213 2495 ¹⁰
1225 2478 1301 2505 infra
1319 2478 1400 2505 SPC.
1419 2493 1453 2497 —
1484 2479 1504 2493 ¹¹
1517 2477 1546 2504 in
1560 2493 1594 2496 —
1607 2476 1730 2512 angelis]
1749 2476 1780 2502 in
1799 2475 1912 2511 angelis
1930 2475 1960 2502 in
1979 2474 2122 2501 infinitum

649 2525 682 2553 C.
702 2542 736 2546 -—
757 2526 778 2541 ¹²
790 2525 820 2552 in
834 2524 986 2552 ordinibus
1000 2539 1034 2543 —
1047 2522 1200 2557 infinitum]
1220 2522 1250 2549 in
1263 2521 1407 2548 infinitum
1420 2521 1450 2548 in
1465 2520 1620 2555 ordinibus*
1630 2524 1660 2547 et
1672 2519 1843 2546 hierarchiis
1861 2518 1895 2546 C.
1914 2534 1950 2538 —
1963 2519 1985 2534 ¹⁵
1996 2521 2123 2554 ponatur

648 2585 682 2589 —
696 2569 828 2605 angelos]
847 2571 1050 2604 proponantur
1069 2566 1245 2602 quicumque
1259 2565 1318 2592 duo
1338 2564 1436 2601 angeli
1449 2564 1484 2592 C.
1502 2579 1536 2584 —
1557 2565 1578 2580 ¹⁴
1591 2572 1646 2591 om.
1659 2563 1694 2598 S;
1707 2563 1777 2590 add.
1789 2569 1825 2590 2⁰
1837 2571 1876 2589 m.
1889 2562 1919 2589 S.
1939 2577 1973 2582 —
1994 2562 2016 2578 ¹⁵
2027 2561 2122 2588 infini-

646 2618 708 2640 tum
728 2613 761 2640 C.

737 2703 776 2735 (l)
795 2700 856 2728 cfr.
875 2709 925 2736 pp.
943 2700 1070 2727 247-250.
