2493 3458
674 451 725 475 2:32
1040 448 1227 475 MAGISTR!
1258 447 1476 474 GODEFRIDI
1506 447 1557 473 DE
1586 446 1783 474 FONTIBUS

676 540 742 569 lioc
769 538 799 569 in
828 538 939 576 Petro,
969 537 1018 569 sic
1051 537 1175 569 aet-idit
1204 538 1297 579 quod
1324 537 1400 569 idea
1428 536 1650 568 humanitatis
1680 537 1731 568 vel
1764 536 1914 568 hominis
1947 535 2146 579 simpliciter

676 596 718 627 sit
759 595 835 627 idea
872 595 971 627 l'etri.
1010 595 1050 627 Et
1085 595 1217 626 videtur
1253 596 1319 626 hoc
1359 605 1437 627 esse
1475 593 1618 626 intentio
1652 593 1838 634 Augustini
1857 595 1902 634 (l)
1935 593 1968 626 in
1998 594 2146 636 epistula

675 654 718 685 atl
751 653 951 685 Nebridium
980 653 1036 684 ubi
1064 653 1169 684 dicit:
1196 658 1307 684 utrum
1345 663 1478 684 summa
1503 652 1557 683 illa
1588 651 1713 684 veritas
1743 657 1775 684 et
1804 661 1915 684 rerum
1945 652 2056 683 forma
2084 662 2146 694 per

674 722 776 752 quam
815 711 904 743 sacta
940 717 1019 742 sunt
1052 710 1179 747 omnia,
1216 710 1422 752 generaliter
1453 709 1602 741 hominis
1634 715 1692 741 aut
1732 709 1833 741 etiam
1871 709 2145 751 uniuscuiusque

675 775 828 800 nostrum
855 769 1021 800 ratirmvm
1048 768 1223 799 contineat
1255 767 1364 808 magis·
1393 767 1551 809 quaestio
1577 773 1638 799 est.
1672 767 1742 798 Sed
1775 766 1857 799 milii
1889 767 2023 799 videtur
2051 767 2145 809 quod

674 832 839 868 quantuni
873 827 916 857 ad
951 825 1125 857 bominem
1158 825 1354 856 faciendum
1385 825 1515 863 attinet,
1553 824 1702 856 hominis
1737 824 1876 867 quidem
1910 830 2041 856 tanturn
2074 835 2145 856 non

674 895 784 915 meam
825 884 876 916 vel
917 890 1009 915 tuam
1047 883 1091 914 ibi
1125 895 1202 914 esse
1239 883 1428 920 ruti‹›ne1n;
1461 883 1554 924 quod
1595 888 1709 914 autem
1741 882 1785 914 ad
1818 882 1936 914 orbem
1967 881 2144 924 temporis,

674 941 785 973 varias
821 941 998 973 hominum
1036 941 1187 972 rationes
1223 940 1347 974 (reales
1384 939 1523 981 quidem
1559 940 1663 981 [sunt]
1701 940 1854 981 ipsorum
1887 939 2144 971 individuorum

674 1000 866 1031 secundum
892 1011 929 1030 se
948 999 1094 1041 ipsulml,
1121 999 1313 1030 menmium
1342 1009 1428 1039 quas
1446 1004 1526 1029 sunt
1551 998 1583 1029 id
1602 998 1695 1039 quod
1721 1004 1800 1029 sunt
1828 997 1860 1029 in
1886 1008 1998 1029 rerum
2023 1003 2145 1029 natura

674 1068 751 1088 cum
792 1063 871 1088 sunt
908 1063 939 1088 ‹et
980 1068 1069 1098 quae
1109 1068 1188 1088 esse
1221 1056 1398 1095 cognitum
1430 1056 1560 1087 liabent
1591 1055 1624 1087 in
1658 1061 1773 1087 mente
1805 1055 1920 1087 divina
1950 1056 2143 1087 secundum

673 1126 776 1146 unam
813 1115 980 1146 rationem
1013 1114 1155 1156 speciei)
1189 1114 1220 1145 in
1255 1114 1309 1145 illa
1339 1113 1534 1144 sinceritate
1564 1113 1688 1151 vivere,
1716 1113 1864 1155 supple:
1890 1112 1971 1144 mihi
2002 1112 2144 1144 videtur.

674 1173 715 1204 Et
745 1173 855 1204 infra:
887 1172 919 1204 in
950 1172 1193 1214 ‹lisciplinzqnnj
1225 1171 1413 1202 mentiendi
1439 1182 1506 1202 una
1532 1177 1583 1202 est
1608 1170 1725 1211 anguli
1755 1170 1850 1209 ratio,
1881 1181 1949 1202 una
1977 1170 2144 1212 quadrati.

673 1231 790 1271 Itaque
815 1230 976 1271 quotiens
1013 1230 1251 1261 demonstrare
1289 1229 1454 1268 angulum
1492 1228 1580 1266 volo,
1613 1239 1682 1259 non
1716 1228 1780 1259 nisi
1812 1238 1881 1259 una
1916 1227 2002 1260 ratio
2027 1227 2146 1270 anguli

673 1288 753 1319 mihi
783 1288 941 1319 occurrit.
973 1288 1043 1319 sod
1069 1287 1273 1328 quadratum
1301 1297 1518 1327 nequaquam
1545 1286 1731 1318 scriberem
1758 1285 1821 1317 nisi
1848 1291 2010 1327 quattuor
2033 1286 2145 1318 solum

673 1346 878 1385 angulorum
904 1345 1070 1377 rationem
1089 1344 1256 1376 inunorvr.
1292 1345 1336 1375 lta
1370 1344 1512 1385 quilibet
1537 1344 1642 1375 homo
1675 1354 1743 1374 una
1774 1343 1907 1375 ratione
1939 1354 2007 1385 qua
2038 1344 2145 1375 homo

673 1403 872 1444 intelligitur
898 1403 1009 1435 faetus
1035 1409 1096 1434 cst.
1123 1403 1167 1434 At
1195 1410 1228 1433 ut
1255 1402 1405 1444 populus
1424 1402 1491 1437 liat,
1517 1401 1674 1443 quamvis
1699 1407 1732 1433 et
1758 1401 1833 1443 ipsa
1858 1412 1926 1432 una
1951 1401 2048 1440 ratio,
2073 1412 2145 1434 non

673 1467 787 1493 tamen
821 1461 970 1492 bominis
1000 1461 1086 1492 ratio
1118 1461 1179 1491 sed
1213 1460 1400 1491 hominum.
1429 1459 1506 1491 Non
1537 1465 1651 1501 potest
1684 1459 1774 1491 enim
1808 1458 1957 1491 universi
1985 1458 2146 1491 conditor

673 1518 840 1551 rationem
867 1518 1012 1560 partium
1039 1529 1110 1550 non
1137 1519 1276 1549 habere

762 1576 824 1608 His
842 1576 943 1608 etiam
971 1576 1056 1608 ratio
1081 1582 1262 1610 etms-omit,
1284 1582 1319 1607 ut
1347 1575 1396 1607 sic
1421 1576 1536 1607 adhuc
1561 1575 1626 1606 alia
1650 1574 1782 1606 ratione
1807 1574 1928 1616 quinto
1952 1575 2146 1607 ostenditur

673 1634 898 1676 propositum.
925 1634 961 1666 Si
987 1634 1077 1666 enim
1108 1633 1246 1675 ponitur
1270 1634 1364 1675 quod
1393 1633 1540 1674 angelus
1569 1643 1630 1675 per
1655 1643 1757 1664 unam
1783 1632 1934 1675 speciem
1960 1632 2145 1675 cognoscit

672 1691 869 1733 singularia.
900 1692 932 1723 in
957 1698 1123 1733 quantum
1149 1691 1204 1723 illa
1229 1691 1366 1733 species
1391 1691 1519 1722 effluxit
1545 1691 1588 1722 ab
1617 1690 1703 1722 ideis
1728 1690 1982 1732 exemplaribus
2007 1689 2041 1722 in
2068 1691 2145 1722 Deo

673 1761 761 1791 quae
792 1755 872 1781 sunt
904 1750 1058 1791 perfecta
1094 1749 1180 1781 ratio
1217 1749 1263 1780 rvi
1300 1749 1493 1780 secundum
1530 1754 1639 1780 totum
1672 1759 1749 1780 esse
1775 1747 1883 1791 ipsius
1921 1758 1992 1780 non
2032 1747 2144 1780 solum

673 1813 838 1849 quantum
857 1808 900 1839 ad
926 1807 1132 1839 universalia
1157 1807 1209 1838 vel
1235 1814 1399 1848 quantum
1419 1807 1461 1838 ad
1488 1807 1642 1844 formam,
1661 1806 1723 1837 sed
1745 1811 1911 1848 quantum
1937 1806 1980 1837 ad
2005 1805 2146 1838 minima

673 1871 706 1897 et
738 1865 924 1907 singularia
957 1871 991 1897 et
1023 1871 1188 1906 quantum
1218 1865 1261 1896 ad
1291 1864 1477 1898 materiam.
1507 1864 1614 1895 multo
1643 1863 1754 1905 magis
1781 1863 1885 1895 debet
1912 1864 1980 1895 hoc
2009 1863 2077 1895 dici
2101 1863 2146 1895 de

673 1923 748 1965 ipsa
787 1923 939 1955 essentia
986 1922 1102 1954 divina
1150 1929 1185 1954 ut
1225 1929 1278 1954 est
1318 1922 1394 1954 idea
1435 1921 1565 1963 speciei
1605 1921 1750 1953 alicuius
1791 1921 1889 1953 entis.
1922 1921 2020 1953 Sicut
2059 1931 2144 1964 ergo

673 1980 796 2012 dicitur
820 1981 914 2022 quod
940 1981 1086 2021 angelus
1112 1991 1172 2022 per
1190 1991 1292 2011 unam
1311 1987 1343 2011 et
1361 1980 1508 2011 eandem
1529 1979 1681 2021 speciem
1700 1979 1963 2022 cognoscendo,
1987 1984 2144 2010 naturam

672 2038 802 2080 speciei
827 2038 1011 2079 cognoscit
1047 2045 1080 2070 et
1111 2037 1227 2069 onmia
1259 2038 1292 2069 in
1326 2037 1451 2079 quibus
1484 2037 1539 2068 illa
1568 2043 1691 2068 natura
1726 2042 1920 2068 reservatur
1951 2037 2143 2068 secundum

672 2096 765 2137 quod
800 2097 931 2127 habent
962 2095 1118 2127 ordinem
1155 2096 1198 2127 ad
1230 2095 1427 2127 huiusmodi
1465 2100 1620 2126 naturam
1657 2095 1738 2131 (hoc
1768 2093 1859 2126 enim
1895 2093 2037 2136 requirit
2070 2104 2145 2136 per-

671 2153 761 2185 fecta
787 2153 940 2196 cognitio
969 2156 1136 2191 naturae),
1163 2152 1339 2184 individua
1364 2159 1478 2185 autem
1506 2153 1636 2184 habent
1664 2152 1819 2184 ordinem
1845 2157 1879 2184 et
1906 2151 2144 2184 habitudinem

761 2279 799 2310 (li
821 2277 1011 2312 Augustini
1035 2277 1084 2303 ,411
1105 2277 1282 2303 vam'dium
1304 2277 1388 2312 epist.
1412 2277 1478 2302 xlv
1499 2276 1541 2303 (Ρ.
1557 2276 1596 2308 L.,
1616 2276 1672 2302 vol.
1686 2277 1729 2307 33,
1749 2275 1803 2301 col.
1817 2277 1884 2307 80):
1907 2286 1918 2298 ‹
1932 2275 2004 2302 Item
2028 2275 2144 2310 quaeris

671 2326 764 2347 utrum
779 2330 891 2347 summa
912 2321 959 2346 illa
980 2321 1087 2347 veritas
1101 2325 1129 2347 et
1142 2329 1254 2346 summa
1274 2320 1416 2356 sapientia
1432 2325 1460 2346 et
1474 2319 1567 2346 forma
1582 2328 1686 2352 rerum,
1699 2328 1752 2354 per
1765 2328 1851 2354 quem
1866 2319 1945 2345 facta
1958 2323 2025 2345 sunt
2037 2319 2144 2351 omnia,

672 2374 757 2399 quern
779 2365 882 2391 Filium
903 2365 957 2391 Dei
977 2365 1093 2391 unicum
1113 2373 1197 2390 sacra
1218 2370 1316 2390 nostra
1337 2364 1519 2399 profitentur,
1539 2363 1713 2397 generaliter
1730 2362 1864 2394 hominis,
1883 2371 1918 2388 an
1939 2362 2027 2389 etiam
2047 2363 2144 2388 unius-

671 2409 811 2444 cuiusque
825 2413 954 2435 nostrum
969 2408 1112 2434 rationem
1127 2408 1283 2434 contineat.
1298 2408 1401 2442 &higna
1413 2407 1555 2442 quaestio.
1567 2407 1626 2433 Sed
1637 2406 1706 2433 mihi
1717 2406 1840 2438 videtur,
1853 2406 1930 2441 quod
1944 2406 1982 2432 ad
1995 2405 2143 2432 hominem

670 2451 836 2478 faciendum
857 2452 968 2483 attinet,
989 2451 1114 2477 hominis
1128 2451 1245 2486 quidem
1267 2456 1378 2478 tamtum
1398 2460 1455 2477 non
1476 2459 1570 2477 meam
1591 2451 1638 2477 vel
1652 2455 1731 2476 tuam
1745 2449 1785 2476 ibi
1805 2458 1870 2476 esse
1884 2449 2044 2481 rationem;
2064 2449 2142 2484 quod

671 2500 767 2522 autem
792 2496 828 2521 ad
851 2496 950 2521 orbem
972 2495 1120 2530 temporis,
1140 2495 1236 2521 varias
1255 2495 1404 2521 hominum
1425 2494 1553 2521 rationes
1573 2494 1601 2520 in
1618 2494 1667 2520 illa
1687 2493 1855 2520 sinceritate
1874 2493 2000 2519 vivere...
2020 2493 2095 2519 Nam
2109 2493 2143 2520 jn

671 2539 824 2574 disciplina
839 2538 998 2565 mentiendi
1012 2547 1068 2564 una
1083 2543 1127 2564 est
1141 2538 1239 2573 anguli
1254 2539 1336 2569 ratio,
1350 2547 1406 2564 una
1421 2538 1563 2573 quadrati.
1584 2538 1687 2573 Itaque
1707 2537 1823 2573 quoties
1837 2537 2039 2564 demonstrare
2053 2545 2143 2571 angu-

670 2584 728 2609 lum
743 2583 819 2616 volo,
839 2592 896 2609 non
916 2582 971 2608 nisi
991 2591 1047 2608 una
1067 2582 1141 2608 ratio
1161 2582 1260 2615 anguli
1275 2583 1342 2608 milii
1356 2582 1490 2609 occurrit.
1510 2582 1570 2608 Sed
1584 2581 1757 2617 quadratum
1773 2589 1958 2616 nequaquam
1975 2580 2143 2612 scriberem,

670 2626 724 2653 nisi
740 2631 864 2661 quatuor
877 2626 961 2652 simul
975 2626 1146 2660 angulorum
1161 2625 1303 2652 rationem
1318 2625 1444 2652 intuerer
1457 2634 1463 2651 ;
1478 2625 1518 2651 ita
1532 2625 1654 2660 quilibet
1667 2626 1755 2651 homo
1768 2633 1825 2651 una
1845 2625 1966 2657 ratione,
1980 2632 2037 2659 qua
2054 2624 2143 2650 homo

671 2670 848 2705 intelligitur,
862 2669 957 2696 factus
971 2675 1023 2695 est.
1044 2670 1083 2695 At
1103 2674 1133 2695 ut
1148 2670 1274 2704 populus
1294 2670 1353 2701 fiat,
1367 2669 1501 2704 quamvis
1520 2674 1549 2695 et
1563 2669 1626 2704 ipsa
1646 2677 1704 2695 una
1722 2668 1806 2701 ratio,
1825 2677 1884 2695 non
1903 2673 2000 2694 tamen
2018 2667 2142 2694 hominis

672 2714 754 2745 ratio,
769 2714 821 2740 sed
835 2713 992 2740 hominum.
1007 2713 1037 2739 Si
1052 2713 1139 2747 igitur
1153 2722 1220 2747 pars
1240 2713 1323 2739 huius
1343 2713 1471 2739 universi
1485 2717 1530 2739 est
1544 2712 1710 2745 Nebridius,
1723 2713 1799 2739 sicut
1812 2718 1865 2744 est,
1879 2716 1908 2738 et
1923 2720 2009 2738 omne
2028 2710 2142 2737 univer-

672 2766 735 2785 sum
749 2757 881 2794 partibus
895 2757 1001 2790 confit3
1016 2765 1073 2782 non
1087 2756 1183 2797 potuit
1196 2756 1324 2783 universi
1339 2756 1472 2784 conditor
1485 2757 1566 2784 Deus
1579 2756 1722 2784 rationem
1735 2755 1861 2794 partium
1874 2764 1932 2783 non
1939 2752 2062 2786 habere.
2075 2765 2087 2780 ι
