2493 3458
723 436 936 462 SECUNDUM
967 437 1262 470 QUODLIBETUM.
1292 440 1327 471 Q.
1356 439 1363 462 l
1746 441 1774 464 51

309 530 342 556 et
370 524 539 566 suppositi
570 525 622 556 vel
657 535 827 565 personae
855 535 955 565 quam
992 531 1072 556 nata
1099 532 1149 557 est
1178 527 1304 557 habere
1334 537 1404 557 non
1437 527 1529 557 unita
1566 527 1599 558 in
1628 528 1689 559 se¹
1723 529 1775 559 vel

308 582 343 613 in
361 581 542 623 supposito
560 587 676 623 potest
700 581 800 613 etiam
826 583 953 613 habere
979 583 1072 613 unita
1092 583 1207 614 divino
1230 583 1422 625 supposito,
1441 584 1588 615 sortiens
1608 585 1773 616 rationem

309 639 478 681 suppositi
515 639 620 670 divini
657 639 711 671 cui
748 639 863 669 unitur
897 646 929 670 et
965 640 1063 670 alium
1101 641 1268 672 rationem
1309 641 1478 682 suppositi
1520 653 1589 673 non
1632 643 1775 673 liabens.

310 697 461 737 Quando
490 707 573 739 ergo
610 696 722 727 anima
757 696 830 727 sine
865 707 1011 738 corpore
1046 703 1103 728 uut
1131 698 1229 728 simul
1265 709 1341 729 cum
1377 709 1522 739 corpore
1555 699 1669 730 unitur
1698 711 1776 741 sup-

309 754 424 796 posito
443 754 568 792 divino,
587 755 691 785 habet
708 754 874 785 rationem
894 754 1063 795 suppositi
1089 766 1191 795 quam
1217 762 1296 786 nata
1322 762 1373 786 est
1397 757 1524 787 habere
1550 767 1619 787 non
1644 757 1735 787 unita
1758 757 1776 795 ¹,

310 817 343 843 et
371 812 439 843 hoc
471 812 474 852 Ι
506 812 559 842 vel
589 811 623 842 in
653 822 691 842 se
720 812 773 841 vel
802 811 836 841 in
866 812 1069 853 composito.
1101 812 1197 844 Sicut
1223 823 1306 855 ergo
1328 824 1396 844 non
1418 813 1428 829 '²
1453 819 1628 855 assumpta
1655 825 1776 845 secun-

309 869 390 900 dum
407 879 444 900 se
462 869 604 900 haberet
629 868 797 900 rationem
823 869 993 910 suppositi
1018 869 1225 911 incomplete
1255 876 1414 911 respectu
1440 871 1581 902 ratiimis
1606 871 1776 913 suppositi

309 937 412 968 quam
452 927 595 957 haberet
634 925 668 956 in
709 926 914 967 composito⁷
956 926 1001 957 ita
1042 927 1142 958 etiam
1184 927 1278 958 unita
1316 928 1432 959 (livino
1470 928 1663 969 supposito,
1699 929 1777 960 licet

309 984 435 1015 habeat
461 983 626 1014 rationem
655 983 760 1014 divini
786 983 965 1024 suppositi,
993 995 1063 1014 non
1093 984 1144 1015 sui
1171 984 1242 1015 sive
1261 986 1453 1016 secundum
1478 996 1524 1021 se,
1544 992 1657 1017 tamen
1678 992 1777 1027 prout

309 1041 383 1082 ipsa
416 1046 530 1072 manet
571 1040 771 1082 imperfecta
811 1051 852 1071 eo
891 1042 986 1081 quod
1024 1052 1101 1082 pars
1132 1053 1201 1072 non
1239 1048 1316 1073 actu
1347 1042 1379 1073 in
1410 1048 1490 1075 toto,
1523 1043 1655 1074 videtur
1683 1044 1776 1084 quod

308 1099 395 1129 haec
435 1097 520 1129 ratio
561 1097 731 1139 suppositi
773 1097 814 1128 sit
846 1098 1055 1139 incompleta
1096 1106 1255 1140 respectu
1296 1100 1436 1130 rationis
1470 1100 1639 1141 ¹suppositi
1676 1112 1777 1141 quam

308 1156 461 1194 haberet,
487 1155 515 1186 si
544 1155 643 1186 simul
672 1166 749 1186 cum
783 1166 929 1196 corpore
959 1162 1051 1187 esset
1081 1156 1184 1187 unitn.
1216 1157 1341 1187 Anima
1369 1158 1458 1188 enim
1489 1169 1558 1189 non
1584 1158 1677 1189 unita
1703 1164 1735 1189 et
1759 1170 1778 1189 a

309 1223 456 1254 corpore
481 1219 640 1254 separata
669 1213 861 1243 secundum
887 1224 924 1244 se
949 1213 1142 1244 subsistens<
1174 1225 1243 1245 non
1273 1214 1396 1245 (licitur
1426 1216 1553 1246 habere
1579 1216 1778 1257 imperfecte

309 1270 474 1301 rationem
509 1270 690 1311 suppositi,
724 1270 788 1301 nisi
822 1270 900 1311 quia
933 1270 1133 1311 imperfecte
1166 1273 1269 1302 habet
1298 1272 1463 1303 rationem
1494 1273 1590 1311 entis,r
1617 1275 1777 1314 eoquod

309 1328 500 1359 secundum
538 1338 575 1358 se
604 1338 674 1359 non
700 1333 752 1359 est
778 1338 839 1359 ens
866 1329 1085 1369 completum,
1114 1330 1175 1359 sed
1196 1330 1206 1344 ³
1234 1340 1312 1369 pars
1341 1329 1428 1360 entis
1458 1330 1618 1371 completi
1648 1337 1680 1362 et
1706 1343 1778 1372 per-

309 1385 398 1417 fecti.
432 1385 474 1416 Et
504 1385 583 1426 quia
618 1385 697 1416 licet
734 1396 803 1416 non
841 1385 1021 1416 inclinetur
1058 1386 1101 1416 ad
1139 1386 1264 1427 aliquid
1304 1387 1335 1417 in
1370 1398 1438 1428 quo
1472 1388 1513 1418 sit
1546 1394 1708 1429 tanquam
1744 1389 1777 1420 in

309 1442 467 1474 subiecto
504 1449 539 1473 ut
576 1442 750 1481 accidens,
785 1442 967 1474 inclinatur
999 1451 1113 1474 tamen
1147 1445 1189 1474 ad
1226 1444 1353 1485 aliquid
1386 1446 1479 1485 quod
1511 1446 1779 1478 sulffitantialiter

308 1500 463 1542 perficiat
495 1506 528 1531 et
565 1510 642 1531 cum
681 1511 749 1541 quo
787 1511 891 1531 unum
926 1511 988 1531 ens
1026 1507 1058 1531 et
1095 1512 1156 1542 per
1188 1514 1224 1532 se
1258 1508 1290 1532 et
1322 1502 1549 1533 essentialiter
1581 1504 1776 1535 constituat.

308 1557 517 1589 Huiusmodi
542 1563 656 1588 autem
682 1557 978 1598 imperfectionem
1004 1559 1107 1589 habet
1137 1558 1237 1589 etiam
1264 1570 1341 1590 cum
1368 1559 1481 1591 unitur
1506 1560 1621 1592 divino
1651 1572 1778 1603 suppo-

309 1614 374 1646 sito
407 1615 482 1646 sine
511 1625 667 1656 corpore,
698 1625 738 1646 ex
767 1626 834 1656 qua
864 1615 992 1647 unione
1021 1616 1132 1647 solum
1161 1617 1265 1647 habet
1290 1617 1455 1648 rationem
1482 1618 1651 1659 suppositi
1677 1630 1777 1659 quam

309 1673 453 1704 haberet
477 1672 541 1703 sibi
566 1672 738 1704 derelicta.

397 1729 493 1761 Sicut
528 1740 611 1772 ergo
654 1730 791 1761 alterius
838 1730 951 1761 anima
995 1732 1099 1761 habet
1137 1737 1248 1762 actum
1292 1732 1514 1763 beatitudinis
1555 1733 1778 1774 imperfectae

309 1787 388 1829 quia
417 1793 586 1829 separata,
613 1793 645 1819 et
673 1787 718 1818 ita
748 1787 861 1818 anima
892 1787 1018 1819 Christi
1048 1788 1165 1819 habuit
1195 1800 1273 1819 cum
1303 1797 1461 1831 separata
1490 1790 1552 1821 fuit
1577 1802 1595 1821 a
1621 1802 1778 1833 corpore·

310 1845 456 1877 Constat
481 1845 572 1876 enim
597 1846 691 1886 quod
716 1850 838 1876 natura
863 1846 1021 1888 angelica
1047 1857 1135 1887 quae
1162 1848 1353 1877 secundum
1380 1858 1416 1878 se
1439 1847 1445 1863 ¹
1471 1854 1551 1879 natta
1576 1854 1627 1880 est
1652 1849 1779 1880 habere

309 1903 462 1944 perfecte
480 1902 647 1934 rationem
665 1902 836 1944 suppositi
854 1909 887 1934 et
905 1914 1075 1944 personae
1106 1910 1224 1944 posset
1249 1905 1376 1935 assumi
1403 1917 1421 1935 zi
1447 1905 1564 1937 divino
1586 1907 1779 1947 supposito,

309 1960 397 1991 sicut
438 1965 470 1991 et
502 1960 615 1991 anima
655 1961 729 1991 sola
768 1960 843 1991 sine
883 1971 1038 2002 corpore.
1076 1961 1178 1992 Nunc
1218 1968 1330 1993 autem
1373 1968 1493 1994 natura
1533 1963 1690 2006 angelica
1732 1964 1779 1995 sic

310 2023 487 2059 assumpta
526 2029 567 2049 ex
601 2017 730 2049 unione
769 2018 967 2049 huiusmodi
1004 2020 1146 2050 liaberet
1184 2030 1321 2051 omnem
1361 2021 1499 2051 modum
1540 2026 1573 2051 et
1612 2021 1779 2053 rationem

310 2075 521 2107 subsistendi
541 2075 551 2091 ⁶
577 2086 677 2116 quem
704 2081 783 2106 nata
809 2081 901 2107 esset
926 2077 1053 2107 habere
1079 2076 1179 2107 etiam
1207 2078 1398 2108 secundum
1425 2088 1462 2109 se
1487 2089 1558 2109 non
1583 2085 1779 2121 assumpta:

310 2138 343 2164 et
370 2133 450 2165 ideo
479 2133 573 2164 nullo
602 2134 707 2165 modo
736 2139 828 2165 esset
856 2133 1057 2175 imperfecta
1087 2134 1120 2164 in
1150 2134 1218 2165 e<1⁵
1247 2135 1331 2165 ratio
1361 2135 1541 2176 suppositi.
1568 2136 1638 2168 Sed
1667 2137 1778 2168 anima

310 2196 479 2232 separata,
515 2196 572 2221 aut
610 2201 680 2221 non
718 2190 768 2222 sic
802 2192 944 2222 haberet
978 2202 1115 2223 omnem
1152 2192 1291 2222 modum
1321 2198 1353 2223 et
1386 2192 1552 2224 rationem
1573 2193 1584 2209 ‘³
1611 2194 1780 2235 suppositi

311 2259 413 2289 quem
433 2247 444 2264 ⁷
483 2254 562 2279 nata
596 2253 647 2279 est
678 2249 806 2280 habere
838 2249 1030 2280 secundum
1064 2260 1111 2283 se,
1145 2250 1206 2280 sed
1248 2250 1358 2280 solum
1399 2261 1505 2281 unum
1542 2252 1681 2282 modum
1723 2252 1779 2293 qui

310 2305 445 2337 videtur
469 2316 547 2337 esse
570 2305 801 2346 imperfectus,
830 2317 935 2347 quare
962 2312 994 2337 et
1019 2306 1174 2338 actiones
1200 2307 1371 2348 suppositi
1396 2307 1596 2349 imperfecte
1621 2310 1779 2347 haberet3

311 2368 424 2394 —aut
448 2373 558 2404 aeque
587 2363 740 2404 perfecte
766 2365 907 2395 liaberet
932 2364 1131 2395 omnimode
1156 2364 1323 2395 rationem
1352 2365 1522 2406 suppositi
1552 2371 1584 2397 et
1611 2377 1780 2407 personae

310 2419 424 2451 anima
453 2420 547 2451 unita
576 2420 625 2452 sic
654 2421 838 2462 supposito
867 2421 984 2452 divino
1004 2420 1015 2437 ⁸
1042 2421 1131 2453 sicut
1159 2427 1192 2452 et
1221 2423 1376 2465 angelus,
1406 2428 1439 2453 et
1471 2434 1541 2454 non
1574 2429 1655 2455 tunc
1688 2430 1781 2456 esset

311 2487 417 2509 causa
435 2488 541 2519 quare
566 2477 765 2509 huiusmodi
791 2478 905 2510 anima
929 2479 1128 2510 naturaliter
1153 2484 1331 2520 appeteret
1355 2491 1419 2511 suo
1446 2480 1582 2522 corpori
1607 2481 1705 2519 uniri,
1723 2481 1751 2513 si
1771 2482 1782 2498 ⁹

403 2631 453 2658 ¹in
472 2640 504 2658 se
524 2648 557 2651 —-
577 2641 635 2658 non
655 2632 744 2666 unita]
766 2642 820 2659 om.
841 2633 870 2658 P.
892 2649 923 2651 —
945 2633 955 2648 ²
975 2634 1002 2658 in
1023 2633 1052 2658 P.
1076 2649 1105 2652 —-
1127 2634 1136 2648 ³
1151 2638 1194 2659 est
1214 2634 1281 2659 mici.
1302 2634 1331 2659 P.
1353 2650 1384 2653 »-
1406 2636 1415 2649 ⁴
1434 2635 1593 2661 secundum
1614 2638 1655 2670 se]
1677 2646 1730 2663 om.
1752 2638 1781 2663 P.

311 2691 343 2694 —
365 2677 374 2690 ⁵
388 2684 423 2701 60
438 2676 470 2701 V.
486 2692 518 2694 —
533 2676 543 2690 ‘³
557 2676 734 2702 subsistendi
750 2693 781 2695 ἡ
796 2676 948 2710 rationem]
965 2685 1017 2702 om.
1034 2677 1063 2702 Ρ.
1086 2693 1116 2695 -
1136 2678 1143 2691 ⁷
1157 2686 1243 2710 quam
1258 2678 1286 2702 P.
1310 2694 1340 2696 —
1357 2678 1365 2691 ἢ
1385 2679 1537 2713 supposito
1552 2679 1660 2714 divino]
1682 2681 1781 2707 divino

311 2720 465 2754 supposito
479 2720 509 2746 Ρ.
525 2736 557 2739 -
572 2721 582 2735 ‘³
592 2720 645 2746 sed
659 2721 688 2746 P.

1836 793 1899 818 cod.
1914 793 1934 818 P

1806 828 1855 853 fol.
1868 830 1918 854 140
1930 829 1969 853 Va
