2493 3458
731 411 924 445 QUARTUM
955 412 1251 446 QUODLIBETUM,
1281 412 1386 446 Q.V1
1741 414 1787 437 331

323 508 430 534 corpus
456 499 563 526 Christi
595 499 852 525 sacramentaliter.
880 500 964 526 Unde
998 500 1048 525 ubi
1081 500 1216 525 desinunt
1242 500 1309 525 illae
1336 499 1532 526 dimensiones
1562 509 1635 531 esse.
1664 509 1721 525 non
1749 504 1794 526 est

323 557 430 582 corpus
454 548 560 574 Christi
583 548 623 574 ibi
646 557 700 574 nec
722 548 787 582 plus
805 550 811 563 ¹
832 557 917 582 quam
939 548 1015 574 alibi.
1036 549 1098 574 Nee
1119 552 1163 574 est
1186 548 1225 574 ibi
1246 548 1378 574 Christus
1404 549 1570 574 adorandus
1585 550 1594 563 ‘-'
1614 549 1680 583 plus
1707 557 1792 582 quam

323 597 391 623 alibi
423 597 498 623 sicut
526 605 580 622 nec
606 601 650 622 est
678 597 764 622 modo
784 597 833 622 ubi
862 596 916 622 fuit
944 597 1077 622 localiter
1109 605 1161 631 per
1190 597 1337 631 propriam
1371 597 1580 623 dimensionem
1615 597 1682 623 (lum
1715 601 1793 623 esset

321 645 350 671 in
384 645 439 671 hoc
472 645 588 671 mundo.
621 646 814 680 Supponebat
839 654 910 680 ergo
936 646 1009 671 ratio
1039 645 1153 676 falsum,
1182 645 1295 671 scilicet
1327 646 1405 679 quod
1437 647 1516 671 Deus
1546 645 1656 671 faceret
1685 654 1793 681 corpus

323 693 428 720 Christi
459 702 512 728 per
531 694 659 719 medium
689 702 753 720 esse
783 694 810 719 in
838 694 968 728 pluribus
994 693 1091 719 locis³
1119 702 1171 728 per
1198 694 1346 728 propriam
1377 694 1586 720 dimensionem
1618 699 1645 720 et
1672 696 1792 720 eircum-

322 742 469 776 scriptu-e.

883 911 1146 945 QUAESTIO
1179 911 1226 936 VI

977 993 1137 1017 ‹BREVIS›.

448 1086 554 1112 Utrum
575 1089 657 1111 extra
681 1086 768 1111 issum
791 1087 935 1111 mundum
955 1089 1051 1120 posset
1071 1087 1151 1112 Dens
1165 1086 1271 1120 facere
1290 1087 1382 1112 aliam
1405 1089 1517 1112 tem-<1111
1539 1088 1667 1113 eim-devm

754 1135 861 1169 speciei
881 1144 945 1160 cnm
968 1137 1050 1160 terra
1070 1135 1158 1160 lmius
1180 1136 1287 1160 mmuh·
1301 1138 1348 1164 (1).

407 1268 514 1293 Postea
536 1268 730 1301 quaerebatur
751 1277 837 1293 unum
859 1269 1007 1302 pertinens
1028 1268 1064 1294 ad
1083 1270 1088 1283 ¹
1117 1273 1279 1294 creaturam
1300 1269 1482 1303 corporalem
1509 1269 1677 1303 specialem,
1701 1274 1729 1295 et
1750 1274 1793 1296 est

319 1320 413 1341 utrum
435 1320 515 1341 extra
531 1317 540 1330 ⁵
568 1316 653 1342 istum
675 1317 812 1342 mundum
835 1321 934 1351 posset
964 1317 1043 1342 Deus
1073 1317 1170 1343 {acere
1200 1317 1283 1342 aliam
1314 1322 1419 1343 terram
1442 1317 1570 1343 eiusdem
1598 1318 1706 1352 speciei
1728 1328 1792 1344 cum

319 1369 395 1391 terra
416 1365 499 1390 huius
520 1365 627 1390 mundi.
649 1366 683 1390 Et
704 1366 833 1397 arguitur
854 1366 932 1399 quud
959 1375 1023 1395 non,
1050 1366 1116 1400 quia
1137 1367 1193 1391 hoc
1213 1366 1309 1400 posito
1325 1368 1335 1380 ‘¹
1363 1371 1534 1400 sequeretur
1555 1367 1633 1400 quod
1661 1368 1792 1393 naturale

320 1418 397 1439 esset
427 1414 465 1439 illi
494 1418 589 1439 terrae
619 1422 683 1439 esse
710 1422 772 1439 cum
804 1419 879 1439 terra
906 1415 988 1439 istius
1018 1414 1125 1445 mundi,
1156 1423 1220 1440 cum
1251 1414 1347 1440 omnia
1378 1423 1501 1448 corpora
1522 1415 1651 1441 eiusdem
1682 1416 1792 1450 speciei

318 1462 445 1488 habeant
471 1462 595 1487 eundem
624 1462 719 1487 locum
748 1463 917 1488 naturalem.
948 1464 1024 1495 Ergo
1052 1463 1099 1488 illa
1119 1468 1195 1488 terra
1216 1464 1385 1489 naturaliter
1411 1470 1577 1489 moveretur
1604 1464 1639 1489 ad
1661 1469 1791 1490 centrum

318 1510 402 1536 huius
416 1510 522 1536 mundi.
543 1510 601 1536 Sed
622 1519 678 1536 non
694 1516 794 1545 posset
809 1512 978 1537 naturaliter
998 1512 1107 1537 mox-eri
1129 1511 1165 1537 ad
1186 1516 1315 1537 centrum
1336 1512 1420 1537 huius
1440 1512 1539 1537 mundi
1560 1513 1613 1538 nisi
1634 1518 1793 1547 poneretur

317 1559 488 1585 naturaliter
508 1559 666 1584 ascendere
687 1559 852 1585 recedendo
875 1568 889 1585 a
917 1565 1016 1585 centro
1033 1560 1150 1585 alterius
1170 1560 1278 1585 mundi.
1299 1561 1364 1586 Hoc
1391 1565 1486 1586 autem
1508 1565 1551 1587 est
1568 1562 1575 1575 Τ
1601 1561 1791 1595 impossibile.

318 1608 395 1642 Ergo
416 1612 444 1633 et
465 1611 570 1633 cetera.

406 1656 523 1682 Contra.
554 1657 633 1682 Deus
667 1665 731 1681 cum
767 1656 803 1682 sit
833 1656 947 1682 virtutis
974 1656 1111 1688 infinitae,
1142 1657 1181 1682 ita
1210 1662 1308 1691 potest
1337 1657 1435 1683 facere
1463 1658 1560 1690 plures
1593 1662 1685 1684 terras
1717 1658 1792 1685 sicut

317 1713 403 1731 unam
419 1707 436 1730 ὅ.

421 1755 423 1787 Ι
442 1754 626 1787 Respondeo.
642 1753 723 1779 Licet
737 1754 896 1780 secundum
913 1754 987 1779 viam
1002 1754 1171 1789 Philosophi
1187 1757 1234 1785 (2),
1255 1755 1335 1781 Deus
1349 1764 1405 1780 non
1421 1759 1523 1788 posset
1543 1755 1651 1789 aliquid
1672 1755 1770 1782 facere
1783 1757 1792 1771 ἵ·

317 1802 353 1828 cle
373 1811 449 1828 noro
470 1802 525 1828 nisi
545 1802 692 1828 mediante
722 1806 801 1828 mutu
832 1802 906 1828 caeli
936 1807 964 1828 et
993 1811 1045 1837 per
1072 1811 1255 1837 consequens
1281 1812 1339 1829 non
1364 1808 1466 1838 posset
1492 1804 1602 1838 aliquid
1630 1804 1728 1830 facere
1755 1805 1791 1831 de

316 1859 393 1876 novo
413 1851 468 1876 nisi
488 1851 712 1885 prae-supposita
729 1852 748 1865 ¹¹
769 1851 898 1881 materia,
914 1851 950 1877 ad
971 1860 1057 1885 quam
1078 1852 1174 1877 statim
1202 1853 1204 1884 Ι
1231 1852 1361 1886 sequitur
1375 1852 1469 1877 Deum
1484 1861 1541 1878 non
1556 1862 1643 1887 posse
1660 1854 1677 1868 ¹¹
1693 1853 1791 1879 iacere

316 1899 401 1925 aliam
427 1903 533 1925 terram
553 1899 628 1925 sicut
647 1908 701 1925 nec
722 1899 807 1924 ¹aliun]
841 1900 988 1929 mundum,
1009 1900 1076 1934 quia
1106 1900 1266 1926 secundum
1287 1910 1352 1926 eum
1382 1901 1505 1926 mundus
1527 1905 1570 1926 est
1592 1910 1627 1927 ex
1647 1906 1707 1927 tota
1739 1911 1791 1928 sua

316 1948 436 1974 materia
463 1948 667 1982 qualicumque
685 1948 703 1963 ¹²
732 1948 873 1982 possibili,
901 1964 932 1967 —-
961 1948 1120 1974 seeundum
1153 1953 1251 1974 tamen
1285 1949 1447 1981 veritatem,
1479 1949 1554 1975 sieut
1587 1950 1666 1976 Deus
1697 1951 1791 1985 potuit

316 2005 333 2022 a
364 1996 508 2031 principio
540 1996 704 2031 producere
736 1997 887 2022 materiam
921 2006 985 2022 cum
1018 2006 1074 2023 non
1107 2002 1169 2023 erat
1186 1998 1213 2029 ¹³,
1245 1998 1284 2023 ita
1316 2007 1392 2023 nunc
1425 2002 1526 2032 posset
1558 1999 1721 2032 producere
1754 1999 1790 2025 de

315 2045 404 2071 nihilo
425 2045 512 2071 alium
533 2045 672 2071 mundum
694 2054 728 2070 ex
749 2045 804 2071 alia
825 2046 946 2071 materia
967 2055 1053 2080 quam
1074 2046 1158 2071 simul
1179 2055 1244 2072 cum
1266 2046 1322 2072 alio
1343 2046 1451 2072 mundo
1472 2052 1593 2073 crearet.

403 2093 451 2119 Ad
470 2094 612 2119 rationem
633 2093 788 2120 dicendum
815 2094 893 2128 quod
913 2094 1010 2120 omnia
1030 2103 1153 2129 corpora
1180 2094 1311 2120 eiusdem
1342 2095 1452 2129 speciei
1473 2095 1547 2121 infru
1577 2096 1653 2121 idem
1676 2097 1788 2122 caelum

315 2145 454 2168 contenta
484 2142 594 2168 habent
621 2151 709 2167 unum
741 2142 837 2168 locum
869 2143 1039 2168 naturalem.
1071 2143 1137 2168 Non
1172 2148 1268 2169 autem
1302 2148 1420 2178 oportet
1451 2145 1506 2170 hoc
1545 2144 1581 2170 de
1615 2145 1788 2179 corporibus

315 2190 446 2216 eiusdem
465 2190 575 2225 speciei
601 2190 746 2216 contentis
772 2200 788 2216 a
815 2191 938 2217 diversis
970 2192 1068 2217 caelis.
1098 2192 1134 2217 Et
1162 2192 1218 2218 hoc
1247 2192 1314 2218 ideo
1347 2196 1391 2218 est
1423 2192 1490 2227 quia
1523 2201 1588 2219 esse
1609 2193 1637 2219 in
1666 2193 1732 2219 loco
1759 2198 1788 2220 et

315 2239 427 2265 moveri
452 2239 622 2265 naturaliter
642 2239 679 2264 ad
705 2239 801 2265 locum
818 2241 846 2270 ¹¹,
866 2240 1009 2274 contingit
1023 2241 1042 2255 ¹⁵
1064 2241 1235 2274 corporibus
1256 2250 1308 2275 per
1327 2241 1527 2267 habitudinem
1551 2242 1588 2267 ad
1613 2242 1790 2268 influentiam

315 2288 398 2319 caeli,
429 2291 458 2313 et
489 2287 565 2320 ideo,
597 2287 664 2322 quia
695 2288 744 2314 illa
773 2292 850 2314 terra
881 2297 939 2314 non
970 2288 1115 2323 reciperet
1146 2289 1326 2315 influentiam
1358 2290 1393 2315 ab
1427 2289 1475 2315 illo
1509 2291 1601 2323 caelo,
1631 2290 1697 2317 ideo
1729 2300 1789 2317 non

405 2421 413 2435 ¹
426 2420 473 2446 hic
487 2421 555 2446 add.
571 2420 603 2447 C.
619 2436 651 2439 —
666 2421 676 2435 ‘²
690 2420 822 2447 Christus
837 2421 1013 2454 adorandus]
1029 2421 1195 2447 adorandus
1211 2421 1344 2448 Christus
1360 2422 1391 2448 C.
1407 2438 1439 2441 ——
1454 2423 1464 2437 ³
1479 2431 1532 2448 om.
1547 2423 1599 2448 SP.
1615 2439 1648 2441 —
1663 2424 1672 2438 ⁴
1687 2432 1741 2449 om.
1756 2424 1788 2455 S;

314 2464 382 2490 add.
402 2470 437 2489 2a
449 2473 485 2490 m.
500 2464 528 2490 S.
544 2480 576 2483 —-
591 2465 601 2479 ⁵
614 2473 668 2490 om.
683 2466 710 2490 et
724 2465 792 2490 add.
807 2465 839 2490 in
853 2473 951 2499 marg.
967 2464 998 2491 C.
1014 2480 1046 2483 —
1062 2465 1071 2479 ⁰
1084 2465 1238 2499 supposito
1255 2465 1286 2491 C.
1302 2481 1334 2484 —
1351 2466 1359 2480 ⁷
1373 2466 1437 2492 Hoc
1454 2482 1486 2484 —
1500 2467 1554 2499 est]
1570 2466 1625 2492 hoc
1640 2470 1736 2492 autem
1751 2467 1788 2499 P;

314 2507 367 2533 sed
386 2507 441 2533 hoc
461 2511 506 2533 est
526 2507 558 2534 C.
578 2524 611 2526 —
641 2508 651 2523 ⁸
672 2516 744 2542 ergo
765 2512 793 2534 et
819 2512 915 2534 cetera
941 2508 1009 2534 add.
1030 2508 1062 2534 C.
1093 2524 1124 2527 ——
1154 2509 1164 2524 Β
1187 2509 1297 2543 aliquid
1316 2508 1424 2542 facere]
1450 2509 1548 2536 facere
1569 2509 1678 2544 aliquid
1704 2510 1735 2536 C.
1757 2526 1789 2529 —

316 2551 336 2565 ¹⁰
356 2559 391 2576 ex
410 2550 564 2585 supposita
585 2551 617 2577 C.
637 2567 670 2570 -
693 2553 711 2566 ¹¹
731 2556 833 2586 posset
855 2551 886 2577 C.
907 2567 939 2570 —-
962 2552 982 2566 ¹‘-'
1002 2551 1253 2587 qualitercumque
1274 2552 1306 2578 C.
1327 2568 1359 2571 ——
1382 2553 1402 2568 ¹⁸
1422 2558 1500 2579 esset
1520 2553 1552 2579 C.
1573 2569 1606 2572 —
1633 2554 1651 2568 ¹⁴
1674 2558 1789 2579 natura-

313 2593 379 2620 liter
395 2610 425 2613 —
439 2594 544 2628 locum]
566 2596 603 2620 ad
616 2595 712 2621 locum
732 2594 902 2620 naturaliter
922 2595 954 2621 C.
975 2611 1006 2613 —
1030 2596 1050 2610 ¹⁵
1063 2596 1201 2621 convenit
1215 2596 1284 2629 (sic)
1301 2595 1333 2622 C.

403 2696 441 2727 (1)
463 2694 522 2721 Cfr.
542 2704 590 2730 pp.
610 2696 735 2721 254-255.
757 2711 788 2714 —
810 2697 848 2728 (2)
865 2695 924 2722 Cfr.
944 2704 971 2730 p.
992 2697 1052 2727 254,
1072 2704 1098 2721 n.
1119 2697 1167 2728 (1).

1850 1746 1913 1771 cod.
1929 1746 1949 1771 S

1826 1781 1875 1806 iul.
1889 1783 1922 1807 49
1937 1782 1978 1807 ΙΨ)

1849 1841 1913 1866 cod.
1929 1841 1952 1867 (f

1826 1876 1874 1902 s‹›1.
1889 1879 1922 1902 OS
1937 1877 1979 1902 Vk>
